1690 2734
128 138 184 178 68
568 151 612 181 11.
653 139 739 179 lee
769 141 873 180 Fall
900 142 952 194 of
981 141 1100 194 Troy.

185 262 254 300 Ille
274 262 379 309 nihil,
400 274 474 300 nec
496 275 558 299 me
581 270 832 311 quaerentem
854 276 954 300 vana
975 272 1154 312 moratur,

129 327 199 365 sed
219 328 384 376 graviter
403 327 570 376 gemitus
593 328 675 364 imo
695 328 744 364 de
766 335 923 376 pectore
945 329 1104 376 ducens,

130 396 139 411 ‘
155 394 248 430 Heu
268 393 370 441 fuge,
392 399 480 428 nate
503 392 589 436 dea,
613 399 728 441 teque
751 392 819 438 his,
842 394 905 439 ait,
928 395 1032 442 eripe
1053 394 1228 433 flammis.

131 459 266 495 Hostis
289 458 404 495 habet
424 470 553 494 muros
570 471 580 503 3
611 458 683 493 ruit
703 457 779 494 alto
801 470 823 494 a
843 458 1010 495 culmine
1033 460 1160 496 Troia.

129 525 193 562 Sat
212 524 357 572 patriae
381 524 612 571 Priamoque
634 522 791 559 datum:
825 523 857 560 si
881 525 1067 573 Pergama
1090 525 1225 563 dextra

130 589 289 626 defendi
308 596 481 638 possent,
504 589 619 625 etiam
641 588 712 625 hac
735 588 895 625 defensa
916 589 1087 628 fuissent.

130 656 246 692 Sacra
266 667 433 703 suosque
454 655 522 691 tibi
543 654 800 691 commendat
821 655 938 691 Troia
959 657 1136 704 penatis:

130 721 200 756 hos
222 733 320 768 cape
341 720 509 757 fatorum
530 721 707 766 comites,
730 720 788 757 his
810 721 965 757 moenia
986 735 1128 770 quaere

130 798 282 833 magna,
303 793 500 834 pererrato
521 792 666 823 statues
687 798 786 834 quae
809 786 978 834 denique
1002 789 1150 836 ponto.’

130 850 192 887 Sic
213 850 277 896 ait,
300 857 338 887 et
359 851 537 888 manibus
557 851 667 887 vittas
687 851 923 899 Vestamque
946 859 1147 900 potentem

129 922 407 963 aeternumque
429 915 551 964 adytis
573 915 678 952 effert
700 917 959 964 penetralibus
982 917 1123 966 ignem.

185 981 348 1017 Diverso
369 981 514 1017 interea
535 981 744 1017 miscentur
763 982 919 1018 moenia
939 982 1056 1028 luctu,

130 1053 169 1083 et
190 1045 312 1094 magis
334 1052 448 1093 atque
470 1046 602 1093 magis,
624 1058 860 1094 quamquam
882 1054 1029 1083 secreta
1050 1048 1219 1096 parentis

131 1111 324 1148 Anchisae
346 1110 487 1147 domus
508 1110 782 1158 arboribusque
800 1111 958 1148 obtecta
977 1113 1149 1158 recessit,

132 1176 350 1212 clarescunt
369 1175 529 1220 sonitus,
551 1187 824 1224 armorumque
846 1177 985 1225 ingruit
1008 1177 1152 1214 horror.

133 1241 318 1277 Excutior
337 1252 490 1286 somno,
512 1246 550 1277 et
570 1241 710 1277 summi
732 1241 880 1290 fastigia
900 1243 993 1279 tecti

132 1319 299 1343 ascensu
320 1318 473 1354 supero,
494 1312 609 1354 atque
630 1306 785 1343 arrectis
806 1307 959 1344 auribus
982 1308 1093 1345 adsto
1111 1323 1119 1345 :

131 1372 169 1408 in
191 1378 363 1419 segetem
382 1371 498 1408 veluti
519 1384 609 1408 cum
630 1370 785 1408 flamma
806 1372 1018 1409 furentibus
1040 1374 1174 1410 austris

131 1436 279 1481 incidit,
300 1442 366 1473 aut
385 1435 542 1484 rapidus
565 1443 750 1473 montano
772 1436 928 1473 flumine
949 1444 1096 1475 torrens

132 1501 264 1538 sternit
284 1513 407 1550 agros,
430 1501 564 1538 sternit
584 1508 665 1538 sata
685 1501 786 1538 laeta
805 1502 1003 1550 boumque
1025 1503 1186 1550 labores,

132 1566 430 1615 praecipitisque
451 1566 564 1603 trahit
585 1566 710 1612 silvas,
733 1574 861 1616 stupet
882 1568 1023 1605 inscius
1044 1568 1120 1604 alto

133 1632 329 1679 accipiens
350 1631 518 1667 sonitum
540 1631 621 1668 saxi
643 1631 691 1668 de
712 1632 854 1668 vertice
877 1642 1015 1680 pastor.

131 1697 233 1733 Tum
253 1708 343 1732 vero
365 1696 567 1733 manifesta
587 1696 696 1742 fides,
720 1698 979 1746 Danaumque
1001 1706 1204 1746 patescunt

134 1757 305 1794 insidiae.
366 1758 449 1793 Iam
473 1757 670 1805 Deiphobi
692 1756 800 1794 dedit
821 1758 950 1806 ampla
969 1759 1118 1795 ruinam

132 1822 308 1858 Volcano
329 1830 534 1870 superante
557 1821 722 1869 domus,
754 1823 829 1859 iam
850 1836 1059 1872 proxumus
1081 1823 1191 1860 ardet

133 1888 333 1936 Ucalegon
351 1901 361 1933 ;
393 1887 504 1936 Sigea
524 1888 601 1936 igni
623 1888 718 1925 freta
738 1888 815 1925 lata
834 1889 1017 1926 relucent.

135 1952 313 1989 Exoritur
334 1952 556 2001 clamorque
579 1953 700 1989 virum
723 1953 958 2001 clangorque
979 1954 1170 1991 tubarum.

135 2019 251 2054 Arma
271 2030 405 2054 amens
427 2019 564 2067 capio,
597 2031 669 2054 nec
691 2025 752 2055 sat
771 2018 927 2054 rationis
949 2019 985 2054 in
1008 2019 1133 2064 armis,

134 2082 203 2119 sed
224 2083 436 2130 glomerare
457 2096 615 2120 manum
636 2083 738 2120 bello
760 2091 797 2120 et
818 2095 1047 2120 concurrere
1067 2083 1107 2120 in
1128 2096 1256 2120 arcem

135 2160 223 2183 cum
245 2148 358 2184 sociis
380 2148 515 2185 ardent
536 2148 678 2195 animi3
711 2148 813 2185 furor
835 2149 964 2196 iraque
988 2156 1160 2185 mentem

136 2213 400 2260 praecipitant,
423 2213 702 2261 pulchrumque
724 2214 821 2250 mori
843 2214 1028 2250 succurrit
1048 2214 1085 2250 in
1108 2214 1233 2251 armis.

192 2278 295 2314 Ecce
317 2285 447 2314 autem
467 2278 549 2315 telis
572 2278 741 2315 Panthus
763 2279 915 2326 elapsus
937 2278 1136 2324 Achivom,

137 2342 307 2378 Panthus
329 2342 577 2390 Orthryades,
600 2343 696 2379 arcis
719 2343 943 2390 Phoebique
965 2343 1157 2389 sacerdos,

136 2418 244 2442 sacra
265 2419 380 2442 manu
402 2407 603 2455 victosque
626 2407 722 2444 deos
743 2419 979 2456 parvumque
1001 2415 1186 2456 nepotem

406 2492 450 2512 306
465 2493 579 2522 bavam.
603 2493 637 2521 R.
943 2494 984 2513 311
1000 2498 1203 2530 ecsllperaule.
1235 2493 1270 2520 R.

1373 150 1533 191 [AENEm.

1482 796 1535 823 295

1478 1121 1536 1148 300

1482 1446 1536 1474 305

1482 1766 1538 1795 310

1483 2092 1538 2120 315

1486 2416 1540 2443 320
