1690 2734
111 197 246 239 1.321.]
417 190 502 230 lee
534 189 720 242 Destiny
752 189 804 242 of
825 189 964 228 Rome
993 188 1201 229 Foretold.

111 316 240 361 Iulius,
261 327 283 351 a
303 325 444 362 magno
467 312 678 350 demissum
698 323 843 349 nomen
866 311 962 348 Iulo.

111 383 229 418 Hunc
251 388 289 417 tu
311 380 401 416 olim
424 378 544 423 caelo,
567 377 696 426 spoliis
719 377 887 414 Orientis
909 382 1102 421 onustum,

107 447 260 495 accipes
282 457 417 483 secura
435 458 441 489 ;
471 442 672 479 vocabitur
692 441 754 478 hic
776 452 931 490 quoque
952 441 1061 477 votis.

107 514 254 560 Aspera
274 518 354 548 tum
374 510 507 559 positis
528 508 733 545 mitescent
755 506 909 543 saecula
929 505 1036 542 bellis
1052 519 1062 551 ,-

107 589 205 614 cana
226 576 353 622 Fides,
376 582 413 612 et
432 576 561 623 Vesta,
587 575 714 611 Remo
737 584 827 608 cum
849 571 960 607 fratre
983 570 1177 618 Quirinus,

107 643 186 678 iura
207 641 353 678 dabunt
368 654 378 687 ;
409 640 514 677 dirae
535 640 691 687 ferrohet
716 636 967 684 compagibus
989 635 1076 671 artis

107 706 333 743 claudentur
354 705 447 742 Belli
467 712 600 754 portae
618 719 627 751 5
661 706 780 741 Furor
801 702 940 750 impius
963 701 1074 747 intus,

107 783 219 808 saeva
238 770 377 808 sedens
395 782 508 819 super
527 782 644 815 arma,
666 777 704 806 et
727 776 884 806 centum
907 768 1055 804 vinctus
1076 765 1182 803 a'e'nis

106 843 193 885 post
213 843 362 884 tergum
382 835 507 881 nodis,
530 835 666 872 fremet
688 834 863 871 horridus
885 846 951 870 ore
975 833 1160 868 cruento.’

161 902 275 938 Haec
295 901 358 947 ait,
380 907 417 937 et
440 901 544 937 Maia
563 900 737 949 genitum
760 899 926 936 demittit
946 899 995 935 ab
1015 898 1104 943 alto,

107 973 147 1004 ut
167 974 300 1012 terrae,
322 973 441 1014 utque
462 977 585 1002 novae
606 971 762 1014 pateant
786 964 1031 1012 Karthaginis
1054 975 1161 1000 arces

107 1032 272 1080 hospitio
292 1031 464 1076 Teucris,
482 1043 530 1067 ne
551 1031 617 1067 fati
637 1030 768 1067 nescia
790 1030 895 1067 Dido

107 1097 244 1134 finibus
265 1103 411 1133 arceret
428 1110 434 1132 :
466 1096 568 1132 volat
588 1096 648 1132 ille
669 1108 738 1144 per
756 1095 845 1132 aera
864 1108 1047 1144 magnum

107 1162 266 1210 remigio
287 1161 442 1206 alarum,
464 1173 508 1197 ac
531 1161 674 1209 Libyae
697 1161 793 1197 citus
814 1160 959 1197 adstitit
979 1161 1065 1197 oris.

110 1228 158 1263 Et
178 1227 253 1263 iam
273 1226 374 1263 iussa
394 1226 494 1271 facit,
516 1232 743 1273 ponuntque
767 1226 909 1262 ferocia
932 1227 1051 1263 Poeni

110 1291 228 1328 corda
246 1291 398 1328 volente
420 1290 495 1327 deo
512 1304 521 1336 3
553 1290 591 1326 in
611 1290 742 1338 primis
763 1291 895 1339 regina
915 1291 1089 1339 quietum

108 1356 248 1404 accipit
268 1356 306 1392 in
326 1357 498 1392 Teucros
519 1355 690 1392 animum
711 1361 961 1404 mentemque
982 1356 1203 1405 benignam.

160 1423 209 1458 At
229 1421 313 1469 pius
335 1422 498 1466 Aeneas,
521 1432 590 1468 per
608 1427 766 1457 noctem
787 1421 950 1468 plurima
969 1422 1138 1468 volvens,

108 1493 148 1523 ut
167 1487 333 1534 primum
353 1485 417 1522 lux
437 1485 537 1522 alma
557 1485 647 1522 data
667 1492 736 1531 est,
759 1486 861 1523 exire
883 1487 1070 1535 locosque

109 1551 304 1599 explorare
326 1562 459 1596 novos,
481 1562 575 1598 quas
595 1557 711 1588 vento
732 1553 938 1589 accesserit
961 1565 1058 1598 oras,

109 1617 172 1664 qui
193 1622 358 1661 teneant,
380 1628 470 1652 nam
492 1616 635 1652 inculta
655 1615 771 1662 videt,
796 1616 1024 1655 hominesne
1048 1620 1213 1668 feraene,

109 1693 288 1729 quaerere
311 1681 519 1726 constituit,
542 1681 733 1729 sociisque
756 1689 891 1719 exacta
912 1685 1062 1723 referre.

110 1746 280 1783 Classem
301 1747 339 1782 in
360 1758 536 1782 convexo
557 1758 760 1783 nemorum
782 1748 852 1784 sub
873 1761 968 1798 rupe
993 1760 1126 1789 cavata

109 1811 304 1848 arboribus
326 1811 493 1847 clausam
515 1811 659 1847 circum
679 1818 793 1860 atque
817 1813 1059 1854 horrentibus
1081 1820 1225 1858 umbris

109 1876 249 1912 occulit
265 1889 274 1922 3
305 1876 385 1924 ipse
407 1888 484 1912 uno
505 1875 674 1924 graditur
694 1878 898 1916 comitatus
922 1882 1081 1931 Achate,

109 1941 197 1977 bina
218 1953 332 1977 manu
354 1940 429 1977 lato
450 1941 618 1989 crispans
639 1941 788 1980 hastilia
808 1945 919 1983 ferro.

163 2005 236 2043 Cui
256 2012 378 2042 mater
398 2005 527 2042 media
547 2017 630 2042 sese
650 2007 734 2043 tulit
755 2009 867 2047 obvia
889 2012 991 2055 silva,

109 2071 260 2118 virginis
280 2083 323 2107 os
345 2070 594 2120 habitumque
615 2086 763 2122 gerens,
786 2083 824 2115 et
845 2079 998 2128 virginis
1021 2092 1126 2118 arma

110 2132 327 2180 Spartanae,
349 2132 407 2168 vel
427 2132 548 2180 qualis
570 2146 691 2183 equos
711 2138 891 2177 Threissa
912 2141 1042 2189 fatigat

111 2197 343 2245 Harpalyce,
363 2198 638 2250 volucremque
661 2204 750 2253 fuga
770 2205 1018 2253 praevertitur
1040 2206 1230 2243 Hebrum.

111 2264 290 2312 Namque
321 2267 462 2303 umeris
492 2267 541 2303 de
571 2281 678 2305 more
704 2269 870 2306 habilem
892 2270 1144 2318 suspenderat
1165 2283 1296 2309 arcum

109 2327 290 2373 venatrix,
312 2327 550 2381 dederatque
576 2346 729 2371 comam
752 2334 966 2372 diffundere
987 2337 1121 2381 ventis,

109 2391 213 2428 nuda
232 2405 346 2441 genu,
368 2396 552 2446 nodoque
575 2398 678 2435 sinus
702 2399 864 2436 collecta
885 2399 1046 2437 fluentis

109 2457 166 2493 Ac
186 2458 299 2506 prior,
322 2463 331 2479 ⁴
351 2462 462 2499 Heus
482 2463 490 2478 '
513 2463 634 2511 inquit
656 2466 664 2482 ‘
682 2464 851 2510 iuvenes,
874 2471 1082 2502 monstrate
1104 2477 1276 2503 mearum

229 2545 275 2579 29⁶
283 2549 349 2584 pos.
372 2547 409 2576 R.
488 2546 533 2568 ³⁰⁶
548 2548 657 2577 datast.
680 2549 716 2578 R.
795 2548 839 2569 ³17
856 2549 992 2580 Eurum.
1015 2551 1058 2579 H.

1454 198 1506 240 45

1458 447 1513 474 290

1458 771 1511 800 295

1454 1101 1511 1130 300

1456 1431 1511 1460 305

1457 1763 1512 1792 310

1456 2089 1511 2118 315

1454 2408 1512 2436 320
