1690 2734
134 142 212 183 174
549 145 606 174 VI.
651 133 737 173 lee
767 134 926 173 Lower
958 134 1109 174 World.

128 257 297 302 Dixerat,
320 263 357 293 et
378 257 528 305 pariter,
549 257 666 305 gressi
687 269 756 305 per
774 269 899 306 opaca
918 257 1076 304 viarum,

126 321 338 369 corripiunt
358 322 525 369 spatium
546 321 730 367 medium,
753 322 973 370 foribusque
994 323 1265 371 propinquant.

125 386 307 435 Occupat
327 387 479 422 Aeneas
500 386 661 431 aditum,
686 398 902 434 corpusque
924 387 1069 423 recenti

125 452 268 500 spargit
287 464 399 499 aqua,
421 463 650 499 ramumque
671 451 833 488 adverso
854 452 892 487 in
913 452 1042 488 limine
1063 452 1153 500 figit.

180 517 255 553 His
275 516 435 553 demum
456 517 612 561 exactis,
635 517 808 564 perfecto
829 528 988 553 munere
1009 516 1131 562 divae,

125 581 316 618 devenere
337 582 444 618 locos
466 582 586 618 laetos
606 587 645 617 et
664 593 830 617 amoena
849 581 1000 630 virecta?

125 647 402 684 fortunatorum
424 660 627 684 nemorum
648 645 839 694 sedesque
861 647 1003 683 beatas.

128 712 282 760 Largior
302 712 365 748 hic
387 725 546 760 campos
569 713 700 748 aether
722 718 759 748 et
780 712 924 748 lumine
945 712 1055 748 vestit

125 789 330 825 purpureo,
353 778 553 826 solemque
575 791 698 823 suum,
722 790 789 814 sua
809 777 935 814 sidera
954 785 1103 815 norunt.

126 843 212 878 Pars
234 843 272 878 in
293 844 498 890 gramineis
519 851 702 880 exercent
724 844 895 880 membra
916 843 1121 891 palaestris,

125 907 368 944 contendunt
388 908 480 945 ludo
502 916 539 946 et
560 909 659 945 fulva
681 910 871 945 luctantur
891 920 1029 954 arena,

124 984 209 1020 pars
230 972 395 1020 pedibus
417 974 607 1021 plaudunt
627 975 788 1011 choreas
808 981 846 1010 et
867 974 1036 1010 carmina
1056 974 1200 1012 dicunt.

126 1039 210 1074 Nec
232 1050 311 1075 non
331 1039 532 1076 Threicius
553 1040 667 1088 longa
687 1052 776 1076 cum
797 1047 901 1076 veste
923 1039 1103 1076 sacerdos

125 1103 344 1151 obloquitur
363 1105 532 1141 numeris
554 1113 703 1153 septem
727 1104 947 1141 discrimina
967 1116 1119 1150 vocum,

123 1169 277 1216 iamque
300 1169 438 1206 eadem
460 1169 599 1218 digitis,
621 1171 696 1206 iam
717 1171 871 1218 pectine
893 1171 1016 1218 pulsat
1037 1170 1195 1208 eburno.

127 1234 204 1270 Hic
225 1246 346 1282 genus
367 1235 567 1282 antiquum
591 1236 744 1280 Teucri,
769 1236 1024 1283 pulcherrima
1045 1236 1182 1283 proles,

126 1299 359 1346 magnanimi
381 1300 529 1345 heroes,
553 1301 631 1337 nati
655 1301 872 1337 melioribus
895 1301 1015 1345 anuis,

127 1364 282 1412 Ilusque
304 1366 588 1413 Assaracusque
611 1372 648 1402 et
668 1367 806 1402 Troiae
831 1366 1036 1402 Dardanus
1057 1375 1201 1403 auctor.

126 1432 241 1465 Arma
262 1431 396 1478 procul
417 1442 625 1478 currusque
649 1431 770 1467 virum
793 1432 948 1467 miratur
968 1432 1111 1467 inanes.

125 1496 232 1532 Stant
252 1502 350 1532 terra
371 1495 520 1532 defixae
545 1496 686 1541 hastae,
711 1497 929 1544 passimque
952 1497 1064 1533 soluti

125 1572 193 1608 per
212 1573 394 1608 campum
415 1568 624 1609 pascuntur
646 1562 747 1609 equi.
807 1562 917 1609 Quae
940 1563 1058 1610 gratia
1077 1575 1230 1600 currum

125 1638 394 1673 armorumque
416 1616 484 1662 fuit
506 1627 608 1671 vivis,
633 1639 732 1674 quae
755 1639 846 1663 cura
866 1627 1020 1664 nitentis

125 1703 282 1739 pascere
305 1703 437 1739 equos,
460 1691 599 1728 eadem
624 1692 794 1739 sequitur
817 1692 947 1728 tellure
969 1700 1154 1741 repostos

180 1756 396 1804 Conspicit,
419 1768 526 1801 ecce,
550 1756 642 1792 alios
666 1756 800 1793 dextra
820 1757 1004 1806 laevaque
1026 1770 1095 1806 per
1114 1758 1274 1795 herbam

125 1821 327 1867 vescentis,
349 1821 569 1869 laetumque
593 1821 713 1858 choro
734 1834 884 1870 paeana
904 1824 1077 1860 canentis

125 1887 222 1923 inter
242 1886 448 1923 odoratum
468 1887 560 1923 lauri
584 1899 732 1929 nemus,
754 1887 858 1924 unde
881 1900 1044 1936 superne

125 1952 308 1999 plurimus
332 1951 491 1988 Eridani
511 1964 579 2000 per
601 1954 732 1990 silvam
753 1955 913 1992 volvitur
932 1955 1066 2001 amnis.

129 2018 206 2053 Hic
228 2029 364 2054 manus
385 2018 436 2054 ob
457 2018 617 2065 patriam
644 2020 854 2068 pugnando
876 2021 1031 2056 volnera
1050 2019 1165 2068 passi,

126 2082 268 2130 quique
291 2081 514 2120 sacerdotes
536 2086 642 2129 casti,
665 2085 758 2122 dum
779 2086 854 2122 vita
876 2085 1067 2131 manebat,

127 2147 269 2194 quique
291 2148 342 2194 pii
364 2156 468 2185 vates
491 2156 527 2185 et
552 2151 710 2186 Phoebo
732 2150 848 2198 digna
867 2150 997 2194 locuti,

128 2212 300 2248 inventas
323 2220 386 2248 aut
407 2214 471 2260 qui
493 2215 609 2251 vitam
631 2215 834 2252 excoluere
857 2227 925 2262 per
944 2222 1052 2260 artes,

128 2278 270 2325 quique
292 2279 348 2315 sui
370 2291 561 2315 memores
583 2280 676 2316 alios
697 2280 822 2316 fecere
844 2279 1042 2325 merendo,

129 2343 308 2380 omnibus
330 2343 386 2380 his
408 2343 520 2379 nivea
540 2344 744 2391 cinguntur
763 2351 939 2392 tempora
959 2345 1060 2380 vitta.

183 2407 293 2456 Quos
315 2408 568 2445 circumfusos
588 2408 641 2445 sic
664 2415 720 2445 est
740 2408 868 2445 adfata
887 2409 1038 2456 Sybilla,

717 2492 759 2514 033
775 2494 886 2521 vireta.
909 2494 951 2524 H.

1367 141 1528 183 [AENEm.

1470 712 1529 749 640

1469 1365 1527 1401 650

1470 2018 1526 2046 660
