1690 2734
429 0 449 122 ί,

113 228 157 259 11.
175 226 267 269 628.]
418 206 587 260 PriZ‘em
621 214 659 253 is
695 214 825 255 Slaz'n
859 215 908 267 by
939 217 1150 268 Pyrrhus.

115 343 220 393 Quid
241 344 342 390 furis,
364 349 429 381 aut
449 327 628 395 quonaffi‘n
649 338 768 374 nostri
791 338 857 374 tibi
879 351 970 376 cura
990 342 1174 377 recessit?

116 410 206 446 Non
227 410 327 458 prius
348 409 522 457 aspicies,
545 409 617 445 ubi·
637 402 779 464 fessum
802 410 926 440 aetate
948 412 1147 452 parentem

114 474 266 523 liqueris
287 474 482 510 Anchisen
499 487 509 520 3
540 473 702 521 superet
723 468 943 505 coniunxne
965 471 1122 515 Creusa,

116 539 380 587 Ascaniusque
401 539 523 586 puer?
579 520 696 586 (ἔῃ-58
711 546 847 570 omnes
869 535 1039 583 undique
1062 538 1200 574 Graiae

116 604 261 640 circum
282 609 406 640 errant
428 603 544 649 acies,
566 597 791 655 ethrii'jmea
816 610 906 634 cura
925 599 1087 645 resistat,

115 669 190 705 iam
214 668 390 705 flammae
411 668 563 704 tulerint
584 668 768 731 inimicu‘}
790 668 828 699 et
849 662 1016 700 hauserit
1037 666 1150 703 ensis.

117 733 209 770 Non
229 733 295 769 tibi
317 732 548 781 Tyndaridis
569 732 686 769 facies
707 727 833 788 invisa
856 728 1058 767 Lacaenae

117 798 339 846 culpatusve
362 798 463 834 Paris
481 812 487 834 :
520 796 652 834 divom
674 789 937 845 inclementia,
959 795 1103 842 divom,

117 862 184 900 has
206 863 339 899 evertit
359 874 455 910 opes
476 862 686 910 sternitque
708 874 730 898 a
752 850 919 899 culmine
944 860 1113 900 Troiam,

118 929 325 977 Aspice—
339 938 506 975 namque
528 939 697 972 omnem,
721 940 821 975 quae
841 941 946 965 nunc
970 925 1142 966 obducta
1164 928 1288 966 tuenti

119 993 287 1030 mortalis
308 992 464 1029 hebetat
484 992 585 1028 visus
607 992 675 1029 tibi
697 999 735 1029 et
754 993 886 1030 umida
908 994 1053 1030 circum

120 1058 269 1106 caligat,
291 1057 434 1094 nubem
457 1057 615 1106 eripiam
632 1072 642 1104 3
673 1065 712 1095 tu
733 1071 781 1095 ne
803 1071 878 1107 qua
899 1060 1066 1107 parentis

120 1123 221 1160 iussa
240 1123 345 1169 time,
367 1134 443 1159 neu
465 1124 683 1171 praeceptis
706 1136 837 1172 parere
861 1136 997 1160 recusa
1014 1139 1019 1161 z
1035 1146 1088 1151 —

121 1190 195 1235 hic,
218 1190 282 1226 ubi
303 1189 483 1226 disiectas
506 1191 628 1227 moles
651 1191 856 1238 avolsaque
878 1192 976 1228 saxis

122 1268 212 1293 saxa
231 1254 339 1292 vides
362 1255 560 1303 mixtoque
582 1256 793 1292 undantem
814 1257 968 1304 pulvere
990 1257 1149 1303 fumum,

123 1322 330 1370 Neptunus
352 1333 480 1357 muros
501 1333 720 1369 magnoque
743 1328 870 1357 emota
891 1321 1047 1358 tridenti

122 1387 375 1424 fundamenta
395 1386 527 1433 quatit,
549 1392 747 1433 totamque
769 1398 790 1422 a
810 1386 965 1423 sedibus
986 1387 1121 1424 urbem

123 1452 244 1498 eruit,
275 1451 337 1488 hic
361 1452 460 1487 Iuno
484 1451 622 1488 Scaeas
644 1451 863 1487 saevissima
884 1458 1012 1499 portas

122 1519 246 1568 prima
265 1524 383 1563 tenet,
408 1517 634 1564 sociumque
656 1516 784 1552 furens
805 1528 827 1552 a
846 1517 1004 1553 navibus
1027 1529 1166 1565 agmen

123 1585 220 1621 ferro
242 1583 419 1619 accincta
439 1587 564 1617 vocat.

125 1652 208 1688 Iam
229 1661 397 1687 summas
419 1659 525 1684 arces
546 1646 729 1691 Tritonia,
750 1647 912 1694 respice,
937 1647 1057 1684 Pallas

124 1715 276 1760 insedit,
298 1714 432 1751 nimbo
456 1712 642 1760 effulgens
663 1718 701 1748 et
722 1712 906 1760 Gorgone
928 1725 1052 1749 saeva.

126 1766 344 1829 Ipseffiater
367 1778 511 1815 Danais
533 1777 683 1814 animos
703 1776 877 1825 viresque
898 1778 1088 1815 secundas

126 1846 276 1891 sufficit,
297 1846 378 1894 ipse
403 1844 498 1880 deos
520 1844 558 1879 in
583 1841 767 1879 Dardana
787 1842 943 1878 suscitat
963 1855 1079 1880 arma.

128 1912 256 1960 Eripe,
278 1918 378 1955 nate,
402 1911 542 1959 fugam,
566 1908 762 1956 finemque
786 1907 945 1955 impone
966 1908 1097 1945 labori.

128 1978 329 2026 Nusquam
352 1977 480 2022 abero,
505 1983 543 2013 et
563 1982 688 2012 tutum
709 1974 833 2023 patrio
854 1980 891 2010 te
911 1974 1041 2010 limine
1063 1974 1218 2011 sistam.’

129 2043 299 2087 Dixerat,
321 2049 358 2078 et
379 2042 507 2090 spissis
529 2041 653 2078 noctis
675 2052 715 2076 se
737 2039 914 2076 condidit
934 2039 1090 2076 umbris.

128 2107 326 2156 Adparent
347 2107 452 2144 dirae
474 2107 590 2144 facies
612 2106 846 2154 inimicaque
866 2105 1004 2141 Troiae

129 2173 287 2210 numina
307 2185 445 2221 magna
465 2171 596 2209 deum.

182 2238 284 2274 Turn
305 2249 395 2274 vero
416 2249 531 2283 omne
550 2236 643 2273 rnihi
663 2236 787 2273 visum
809 2234 1013 2272 considere
1034 2235 1072 2271 in
1094 2235 1190 2283 ignis

131 2303 244 2340 Ilium
265 2309 302 2338 et
323 2314 370 2339 ex
390 2302 468 2338 imo
488 2302 582 2338 verti
604 2301 802 2349 Neptunia
821 2301 937 2337 Troia
953 2314 962 2346 ;

132 2379 176 2403 ac
197 2366 313 2403 veluti
334 2367 494 2403 summis
515 2367 712 2414 antiquam
733 2366 771 2402 in
793 2366 986 2402 montibus
1008 2377 1146 2402 ornum

132 2444 220 2468 curn
242 2431 340 2468 ferro
361 2432 528 2468 accisam
552 2431 771 2478 crebrisque
793 2430 1025 2479 bipennibus
1046 2431 1188 2466 instant

133 2507 263 2532 eruere
286 2496 473 2544 agricolae
490 2496 675 2541 certatim,
690 2496 816 2532 -illa
836 2508 956 2543 usque
979 2495 1144 2531 minatur

725 2580 770 2601 616
786 2581 886 2608 limbo.
908 2581 945 2606 R.

1470 230 1524 272 77

1469 350 1524 379 595

1468 1322 1524 1349 610

1470 1647 1525 1684 615

1474 1974 1530 2001 620

1477 2299 1532 2335 625
