1690 2734
165 175 203 207 V.
222 173 312 216 321.]
678 165 765 206 Tlce
796 165 898 206 Foot
930 166 1056 207 Race.

165 293 373 341 cingebant
392 291 519 337 silvae,
542 289 748 338 mediaque
768 289 807 326 in
827 289 922 326 valle
944 289 1080 326 theatri

166 358 289 394 circus
310 363 414 403 erat3
446 368 524 404 quo
548 367 587 392 se
610 355 736 392 multis
757 367 846 391 cum
868 354 1020 391 milibus
1041 354 1153 391 heros

167 433 351 458 consessu
372 420 544 457 medium
565 420 648 457 tulit
670 426 940 467 exstructoque
961 418 1115 456 resedit.

169 486 260 532 Hic,
282 486 348 534 qui
367 486 463 523 forte
484 486 599 522 velint
620 484 756 533 rapido
778 483 1015 521 contendere
1037 496 1161 530 cursu,

168 551 299 588 invitat
319 551 447 600 pretiis
467 551 629 596 animos,
652 557 689 587 et
710 550 880 598 praemia
900 550 1021 598 ponit.

168 615 353 664 Undique
375 616 612 653 conveniunt
632 615 774 652 Teucri
796 615 980 662 mixtique
1003 615 1140 661 Sicani,

170 682 286 718 Nisus
307 688 345 718 et
368 681 552 730 Euryalus
572 681 697 730 primi,

171 746 356 795 Euryalus
377 746 499 783 forma
519 746 675 795 insignis
695 744 884 793 viridique
906 745 1073 793 iuventa,

171 811 286 848 Nisus
307 823 437 848 amore
460 812 525 860 pio
546 811 653 859 pueri
669 824 680 858 3
711 822 808 859 quos
830 809 973 848 deinde
996 819 1150 850 secutus

169 878 294 926 regius
317 878 470 927 egregia
491 877 630 914 Priami
651 876 700 914 de
722 877 838 926 stirpe
861 878 998 915 Diores
1015 892 1024 924 3

171 943 274 980 hunc
295 943 414 980 Salius
435 942 547 979 simul
567 948 605 979 et
627 943 779 989 Patron,
801 954 965 991 quorum
985 944 1079 980 alter
1098 945 1288 990 Acarnan,

171 1010 264 1046 alter
284 1010 332 1049 ab
353 1008 520 1046 Arcadio
542 1009 745 1056 Tegeaeae
767 1009 952 1057 sanguine
973 1009 1095 1057 gentis
1112 1022 1122 1055 ;

170 1082 252 1112 tum
273 1075 352 1112 duo
371 1075 557 1112 Trinacrii
579 1075 747 1120 iuvenes,
773 1075 963 1123 Helymus
987 1075 1253 1122 Panopesque,

171 1141 321 1178 adsueti
342 1141 454 1186 silvis,
477 1140 639 1176 comites
662 1140 820 1177 senioris
842 1141 1009 1176 Acestae
1027 1152 1036 1185 3

172 1207 278 1244 multi
300 1213 509 1255 praeterea,
530 1218 627 1254 quos
648 1205 751 1241 sama
770 1205 934 1242 obscura
954 1204 1143 1242 recondit.

172 1274 323 1310 Aeneas
344 1272 482 1320 quibus
504 1272 541 1308 in
565 1270 702 1307 mediis
723 1271 777 1307 sic
800 1269 943 1307 deinde
965 1269 1115 1307 locutus
1133 1284 1139 1307 :

228 1340 236 1356 ‘
253 1338 430 1386 Accipite
451 1337 549 1373 haec
570 1336 717 1381 animis,
740 1335 935 1383 laetasque
956 1334 1142 1371 advertite
1165 1342 1314 1373 mentes
1332 1350 1339 1372 z

172 1415 290 1440 nemo
312 1415 359 1440 ex
380 1402 455 1439 hoc
475 1413 637 1439 numero
659 1400 752 1437 mihi
772 1412 852 1437 non
873 1399 1039 1437 donatus
1061 1400 1192 1437 abibit.

174 1468 324 1507 Gnosia
343 1458 433 1518 ¹&ina
416 1445 556 1568 verat?
577 1465 702 1503 levato
722 1464 852 1502 lucida
871 1465 971 1502 ferro

174 1533 320 1582 spicula
340 1527 498 1569 daelatai
511 1544 605 1580 wque
627 1538 785 1579 argento
807 1531 902 1567 ferre
923 1531 1134 1579 bipennem
1150 1544 1160 1578 3

173 1599 352 1636 omnibus
373 1598 435 1635 hic
456 1598 525 1634 erit
545 1609 643 1634 unus
665 1596 802 1633 honos.
860 1596 954 1633 Tres
976 1596 1146 1644 praemia
1167 1596 1280 1644 primi

173 1664 378 1712 accipient,
400 1663 572 1711 flavaque
594 1668 711 1710 caput
731 1668 935 1698 nectentur
955 1661 1066 1698 oliva.

176 1729 323 1765 Primus
344 1740 485 1776 equum
509 1727 672 1776 phaleris
695 1726 884 1774 insignem
905 1726 1027 1762 victor
1049 1726 1190 1763 habeto
1206 1740 1215 1772 ς

175 1793 267 1830 alter
287 1793 536 1830 Amazoniam
558 1792 775 1840 pharetram
799 1791 1033 1840 plenamque
1055 1791 1200 1839 sagittis

174 1858 372 1904 Threiciis,
393 1858 470 1895 lato
491 1869 608 1905 quam
629 1857 773 1893 circum
795 1856 1037 1904 amplectitur
1057 1868 1149 1893 auro

175 1923 334 1970 balteus,
356 1930 393 1960 et
413 1923 521 1960 tereti
542 1922 734 1959 subnectit
757 1921 873 1958 fibula
895 1933 1050 1969 gemma
1066 1934 1076 1967 3

175 1989 305 2026 tertius
327 1989 506 2037 Argolica
526 1988 599 2025 hac
618 1988 728 2037 galea
749 1993 952 2024 contentus
976 1986 1105 2023 abito.’

231 2055 344 2091 Haec
365 2054 431 2091 ubi
451 2053 566 2099 dicta,
587 2053 717 2090 locum
740 2053 908 2101 capiunt,
934 2052 1122 2100 signoque
1143 2059 1303 2100 repente

176 2119 387 2168 corripiunt
406 2120 529 2168 spatia
551 2117 695 2163 audito,
717 2118 913 2166 limenque
938 2118 1169 2165 relinquunt,

177 2184 282 2221 effusi
304 2184 437 2221 nimbo
457 2183 611 2229 similes,
633 2183 744 2220 simul
766 2183 899 2219 ultima
923 2182 1085 2231 signant.

178 2249 324 2286 Primus
345 2249 423 2286 abit
443 2249 634 2297 longeque
657 2255 745 2284 ante
766 2247 898 2284 omnia
919 2259 1081 2295 corpora
1105 2248 1221 2285 Nisus

178 2314 330 2359 emicat,
352 2321 390 2351 et
409 2314 530 2350 ventis
553 2320 590 2350 et
610 2312 777 2349 fulminis
799 2312 907 2349 ocior
927 2313 993 2349 alis
1011 2326 1020 2359 3

177 2390 386 2427 proxumus
407 2378 508 2423 huic,
529 2378 646 2425 longo
667 2377 734 2414 sed
757 2389 965 2426 proxumus
987 2378 1195 2423 intervallo,

178 2443 389 2491 insequitur
407 2443 526 2480 Salius
543 2456 552 2488 ;
583 2443 707 2490 spatio
727 2448 815 2490 post
836 2441 978 2479 deinde
1000 2442 1134 2479 relicto

370 2529 411 2550 ²0⁰
428 2529 437 2549 ¹
454 2529 557 2557 hiatus
577 2528 744 2563 suspected
760 2528 799 2564 by
816 2528 851 2555 R.
988 2526 1031 2547 312
1045 2527 1319 2563 circumplectitur.
1345 2527 1386 2556 H.

1484 179 1561 220 Ῑ37

1510 429 1566 457 290

1513 755 1568 784 295

1514 1081 1572 1110 300

1515 1407 1572 1436 305

1519 1733 1575 1762 310

1522 2058 1577 2088 315

1523 2385 1580 2412 320
