1690 2734
187 213 245 244 IV.
266 221 277 243 ι
287 212 352 254 19.]
672 205 717 256 J
713 206 833 246 uno’s
864 206 1089 260 Proposal.

186 328 346 376 detinet,
367 329 573 367 infandum
594 329 625 367 si
645 329 773 368 fallere
794 331 915 379 possit
935 344 1121 370 amorem.

187 394 279 430 Non
299 401 463 443 coeptae
483 394 693 443 adsurgunt
713 401 844 442 turres,
866 408 945 433 non
966 409 1072 434 arma
1091 397 1265 435 iuventus

186 465 352 505 exercet,
373 466 552 508 portusve
573 466 638 496 aut
658 461 955 509 propugnacula
971 462 1072 499 bello

185 531 266 569 tuta
285 530 419 573 parant
435 538 444 569 ;
477 524 653 573 pendent
674 538 792 576 opera
813 527 1034 577 interrupta,
1058 528 1262 577 minaeque

187 603 382 627 murorum
403 592 578 640 ingentes
598 600 838 642 aequataque
861 594 1041 630 machina
1061 594 1182 631 caelo.

241 657 370 705 Quam
391 659 503 695 simul
524 671 569 695 ac
590 659 654 696 tali
675 660 863 708 persensit
884 666 992 708 peste
1012 660 1135 696 teneri

187 736 275 761 cara
298 724 398 760 Iovis
420 725 600 769 coniunx,
622 737 696 761 nec
716 725 858 763 famam
879 725 1031 762 obstare
1051 725 1178 772 furori,

187 789 323 826 talibus
344 789 565 838 adgreditur
584 790 778 826 Venerem
800 790 972 828 Saturnia
992 790 1104 827 dictis
1121 805 1128 827 :

188 858 196 874 ‘
213 856 417 904 Egregiam
439 868 530 892 vero
551 855 707 892 laudem
731 861 769 892 et
789 856 912 904 spolia
930 856 1060 904 ampla
1079 855 1223 892 refertis

187 927 304 969 tuque
326 933 498 970 puerque
520 927 619 966 tuus,
642 933 825 969 magnum
846 927 884 958 et
904 920 1152 957 memorabile
1173 933 1328 967 nomen,

187 1000 263 1024 una
283 987 375 1024 dolo
396 986 527 1024 divom
547 987 578 1023 si
598 986 741 1023 femina
759 986 861 1023 victa
880 985 1045 1023 duorum
1066 992 1122 1022 est
1141 988 1147 1023 !

190 1053 275 1089 Nec
296 1065 358 1089 me
379 1052 481 1089 adeo
502 1052 595 1092 fallit
615 1052 783 1092 veritam
794 1058 830 1088 te
852 1052 1006 1088 moenia
1026 1058 1154 1088 nostra

188 1125 388 1167 suspectas
410 1118 591 1155 habuisse
614 1116 753 1153 domos
777 1116 1020 1164 Karthaginis
1041 1116 1151 1153 altae.

188 1183 264 1221 Sed
285 1184 369 1232 quis
390 1183 459 1220 erit
479 1182 632 1228 modus,
653 1188 719 1218 aut
738 1193 815 1229 quo
836 1193 939 1218 nunc
962 1182 1170 1217 certamine
1192 1182 1326 1218 tanto?

189 1249 294 1297 Quin
316 1249 443 1298 potius
464 1260 604 1297 pacem
624 1254 820 1284 aeternam
840 1253 1052 1295 pactosque
1073 1246 1308 1295 hymenaeos

189 1314 443 1351 exercemus?
499 1313 646 1358 Habes,
668 1318 749 1348 tota
769 1311 876 1360 quod
896 1318 1025 1348 mente
1048 1311 1175 1360 petisti
1192 1326 1199 1347 z

188 1379 296 1415 ardet
317 1391 449 1415 amans
472 1377 590 1424 Dido,
612 1377 800 1425 traxitque
820 1388 889 1424 per
909 1388 995 1413 ossa
1014 1377 1191 1413 furorem.

189 1445 452 1482 Communem
473 1443 576 1480 hunc
597 1454 688 1490 ergo
709 1441 895 1490 populum
916 1441 1148 1489 paribusque
1168 1454 1344 1489 regamus

187 1509 367 1557 auspiciis
384 1523 393 1555 3
424 1508 538 1545 liceat
559 1507 722 1556 Phrygio
743 1506 880 1543 servire
902 1506 1048 1552 marito,

189 1573 406 1622 dotalisque
428 1580 515 1609 tuae
538 1572 674 1621 Tyrios
697 1572 915 1620 permittere
937 1571 1120 1609 dextrae!

243 1638 511 1677 Olli—sensit
531 1637 635 1674 enim
657 1637 831 1673 simulata
852 1643 980 1673 mente
1000 1637 1182 1682 locutam,

187 1717 264 1753 quo
286 1716 447 1752 regnum
470 1702 601 1739 Italiae
624 1702 786 1750 Libycas
807 1708 995 1738 averteret
1016 1714 1161 1739 oras——

188 1770 242 1807 sic
263 1777 397 1806 contra
419 1775 476 1805 est
498 1768 667 1816 ingressa
686 1768 817 1803 Venus
836 1781 841 1802 :
875 1769 883 1784 ‘
900 1766 995 1814 Quis
1016 1766 1104 1803 talia
1124 1766 1286 1803 demens

187 1836 342 1880 abnuat,
365 1840 429 1870 aut
450 1840 581 1870 tecum
602 1832 708 1868 malit
728 1830 966 1868 contendere
987 1831 1101 1877 bello,

188 1902 216 1938 si
238 1900 370 1945 modo,
394 1898 500 1947 quod
522 1910 727 1942 memoras,
750 1897 891 1933 factum
913 1896 1064 1933 fortuna
1083 1898 1291 1946 sequatur?

187 1966 262 2004 Sed
284 1967 366 2003 fatis
388 1967 533 2003 incerta
554 1965 663 2009 feror,
686 1952 715 1998 s‘i
737 1962 911 2010 Iuppiter
931 1974 1047 1999 unam

187 2044 270 2070 esse
290 2033 380 2069 velit
399 2031 521 2080 Tyriis
542 2029 676 2066 urbem
695 2027 887 2074 Troiaque
909 2026 1101 2075 profectis,

186 2098 386 2135 miscerive
408 2097 547 2145 probet
568 2093 746 2143 populos,
769 2098 832 2128 aut
852 2091 1009 2128 foedera
1029 2092 1145 2140 iungi.

185 2163 245 2201 Tu
267 2163 435 2200 coniunx
453 2177 458 2199 :
491 2161 558 2198 tibi
580 2161 633 2197 fas
655 2159 825 2195 animum
847 2164 1034 2205 temptare
1055 2157 1265 2205 precando.

187 2225 306 2272 Perge
324 2238 332 2269 3
365 2223 527 2271 sequar.’
585 2222 685 2258 Tum
708 2220 762 2256 sic
784 2217 936 2266 excepit
957 2218 1060 2265 regia
1081 2219 1204 2254 Iuno:

212 2289 372 2325 Mecum
394 2287 463 2324 erit
482 2287 553 2324 iste
573 2287 680 2323 labor
697 2300 703 2322 :
735 2297 839 2322 nunc
860 2296 936 2332 qua
956 2284 1115 2329 ratione,
1137 2283 1244 2331 quod
1264 2283 1378 2320 instat

186 2353 344 2390 confieri
364 2352 495 2401 possit,
517 2352 662 2400 paucis,
685 2351 852 2396 adverte,
874 2349 1039 2386 docebo.

185 2419 378 2454 Venatum
400 2419 550 2454 Aeneas
571 2428 724 2464 unaque
746 2416 956 2453 miserrima
978 2414 1083 2451 Dido

186 2483 223 2519 in
245 2494 381 2519 nemus
402 2482 455 2519 ire
476 2489 623 2530 parant,
645 2482 709 2519 ubi
730 2481 872 2530 primos
894 2481 1080 2518 crastinus
1101 2486 1204 2516 ortus

187 2547 362 2584 extulerit
380 2547 507 2592 Titan,
527 2546 720 2594 radiisque
741 2546 919 2583 retexerit
943 2547 1090 2583 orbem.

708 2630 735 2650 94
750 2640 871 2660 numen.
902 2631 1001 2667 Many
1017 2632 1082 2662 eds.

1508 222 1586 263 109

1549 993 1587 1022 95

1529 1317 1588 1339 100

1533 1643 1586 1673 105

1529 1969 1585 1990 110

1532 2289 1584 2318 115
