1690 2734
75 197 247 239 111.392.]
365 191 667 232 Andromache
697 191 793 231 and
818 191 888 231 tlte
919 192 1032 231 iVew
1062 192 1101 231 Τ
1097 207 1178 244 roy.

75 318 84 334 ⁴
99 315 331 363 Troiugena,
354 315 540 363 interpres
561 314 703 360 divom,
726 314 790 363 qui
810 315 969 351 numina
991 315 1151 361 Phoebi,

74 380 139 428 qui
159 379 342 428 tripodas,
365 379 479 417 Clarii
500 379 635 425 laurus,
659 380 722 427 qui
743 379 869 416 sidera
889 380 1018 425 sentis,

74 450 113 481 et
132 445 330 481 volucrum
350 444 497 492 linguas
518 450 555 481 et
575 444 767 492 praepetis
790 445 920 481 omina
939 457 1105 493 pennae,

74 510 151 546 fare
171 521 241 558 age
257 521 482 558 —namque
504 521 661 546 omnem
684 522 838 545 cursum
861 509 952 546 mihi
974 522 1156 559 prospera
1176 510 1272 547 dixit

74 573 219 623 religio,
241 580 279 611 et
300 574 430 611 cuncti
451 581 649 610 suaserunt
671 574 829 610 numine
851 574 928 611 divi

76 640 224 677 Italiam
246 645 377 687 petere
399 645 437 675 et
457 646 574 675 terras
595 646 784 687 temptare
805 646 977 687 repostas
994 653 1002 675 ε

75 705 156 742 sola
176 717 318 742 novum
341 704 524 752 dictuque
547 705 653 741 nefas
677 705 849 754 Harpyia
871 705 1043 743 Celaeno

75 770 294 818 prodigium
316 770 429 814 canit,
453 776 489 806 et
510 770 623 806 tristis
646 769 846 806 denuntiat
867 770 949 813 iras,

75 835 363 882 obscenamque
384 835 525 871 famem
542 857 594 861 -—
611 848 709 883 quae
731 836 853 883 prima
873 835 1042 884 pericula
1061 836 1139 872 vito
1151 836 1169 873 ?

76 899 231 948 Quidve
252 912 417 948 sequens
439 906 564 936 tantos
587 900 731 948 possim
752 913 931 949 superare
952 901 1128 937 labores?
1145 902 1152 917 '

131 965 211 1002 Hic
234 965 423 1010 Helenus,
447 965 567 1001 caesis
588 965 755 1013 primuni
776 965 824 1002 de
846 978 953 1002 more
975 966 1159 1012 iuvencis,

76 1037 207 1067 exorat
228 1042 366 1078 pacem
388 1029 531 1076 divom,
553 1031 742 1078 vittasque
764 1031 917 1068 resolvit

75 1096 211 1133 sacrati
233 1095 380 1144 capitis,
404 1107 543 1144 meque
566 1095 615 1132 ad
636 1102 700 1132 tua
720 1095 862 1141 limina,
887 1096 1055 1142 Phoebe,

76 1161 157 1209 ipse
179 1173 295 1197 manu
316 1161 435 1197 multo
457 1172 685 1209 suspensum
707 1161 864 1197 numine
886 1160 1004 1206 ducit,

76 1232 190 1274 atque
212 1225 309 1262 haec
331 1224 475 1262 deinde
497 1226 600 1262 canit
620 1225 750 1262 divino
771 1238 818 1262 ex
838 1238 903 1262 ore
925 1225 1106 1262 sacerdos
1124 1240 1131 1263 :

132 1294 139 1309 ‘
159 1291 259 1327 Nate
281 1290 366 1336 dea,
382 1303 537 1327 —nam
558 1297 594 1327 te
616 1291 822 1327 maioribus
844 1291 895 1327 ire
917 1302 985 1339 per
1006 1291 1125 1327 altum

76 1356 255 1404 auspiciis
276 1354 478 1392 manifesta
497 1355 592 1392 fides
611 1370 617 1392 :
650 1355 704 1392 sic
725 1355 801 1392 fata
821 1355 939 1392 deum
959 1368 1025 1392 rex

77 1421 240 1466 sortitur,
263 1420 455 1468 volvitque
476 1420 580 1457 vices
597 1434 606 1466 3
638 1420 667 1457 is
688 1421 844 1457 vertitur
864 1419 1025 1457 ordo—-

77 1498 203 1534 pauca
221 1485 288 1522 tibi
310 1497 330 1522 e
352 1485 491 1531 multis,
513 1497 591 1533 quo
612 1485 729 1522 tutior
749 1485 901 1533 hospita
920 1485 1054 1522 lustres

78 1563 246 1599 aequora
267 1557 304 1587 et
325 1550 497 1587 Ausonio
519 1550 642 1598 possis
664 1550 867 1587 considere
888 1557 1013 1598 portu,

78 1615 284 1665 expediam
305 1615 416 1652 dictis
432 1629 442 1662 3
473 1615 680 1664 prohibent
700 1627 790 1651 nam
811 1622 940 1652 cetera
961 1617 1103 1652 Parcae

78 1681 175 1718 scire
199 1681 397 1717 Helenum
432 1681 578 1729 farique
599 1686 701 1735 vetat
722 1681 896 1717 Saturnia
919 1681 1029 1717 Iuno.

80 1746 272 1795 Principio
296 1746 457 1792 Italiam,
475 1757 594 1794 quam
615 1752 656 1782 tu
677 1746 753 1782 iam
774 1758 856 1782 rere
878 1746 1137 1801 propinquam

79 1812 314 1860 vicinosque,
337 1812 478 1859 ignare,
501 1823 609 1859 paras
632 1810 813 1847 invadere
834 1817 978 1859 portus,

53 1873 193 1926 'longa
214 1877 349 1926 procul
369 1877 491 1925 longis
512 1877 572 1912 via
593 1875 728 1912 dividit
750 1876 849 1912 invia
869 1876 986 1912 terris.

79 1945 178 1980 Ante
201 1949 238 1979 et
257 1942 453 1978 Trinacria
473 1941 678 1978 lentandus
699 1953 826 1978 remus
847 1940 886 1977 in
907 1939 1024 1986 unda,

81 2016 117 2045 et
139 2008 224 2045 salis
246 2007 405 2044 Ausonii
425 2006 664 2043 lustrandum
686 2006 846 2043 navibus
869 2018 1026 2053 aequor,

81 2074 292 2121 infernique
313 2073 430 2118 lacus,
453 2074 683 2121 Aeaeaeque
705 2072 826 2108 insula
848 2072 997 2117 Circae,

81 2152 196 2188 quam
216 2145 297 2175 tuta
316 2138 440 2187 possis
460 2138 596 2175 urbem
617 2150 855 2186 componere
877 2144 974 2173 terra
993 2151 999 2173 z

84 2207 192 2254 signa
219 2205 287 2241 tibi
315 2203 456 2248 dicam,
479 2209 519 2240 tu
540 2202 698 2240 condita
719 2210 849 2240 mente
872 2209 1029 2239 teneto:

82 2281 170 2305 curn
191 2268 258 2305 tibi
280 2268 441 2305 sollicito
463 2269 599 2305 secreti
619 2268 669 2304 ad
690 2268 855 2304 fluminis
877 2267 1023 2304 undam

82 2333 222 2369 litoreis
243 2333 375 2381 ingens
396 2333 550 2369 inventa
570 2333 640 2369 sub
661 2333 808 2369 ilicibus
830 2345 893 2368 sus

82 2397 234 2445 triginta
254 2397 424 2445 capitum
445 2398 542 2434 fetus
565 2397 677 2434 enixa
697 2397 848 2441 iacebit,

84 2462 181 2508 alba,
204 2462 285 2499 solo
305 2462 504 2507 recubans,
527 2461 601 2498 albi
622 2462 767 2498 circum
789 2461 907 2498 ubera
927 2460 1018 2504 nati,

268 2580 269 2583 Ἴ
313 2546 356 2567 ³⁶⁰
373 2547 489 2575 lauros.
512 2547 554 2576 H.
765 2546 938 2582 361p1‘n1me
956 2546 1035 2582 (and
1050 2546 1192 2581 always).
1217 2545 1252 2574 R.

1418 204 1469 244 05

1419 382 1474 416 300

1420 706 1475 742 365

1421 1039 1478 1067 370

1423 1364 1477 1392 375

1424 1681 1480 1716 380

1425 2006 1480 2042 385

1427 2337 1482 2364 390
