1690 2734
189 184 228 214 V.
248 155 338 225 ²535]
557 173 814 214 Mnestheus
845 171 941 212 and
971 169 1217 212 Cloanthus.

244 300 293 336 Et
312 298 479 347 primum
500 297 539 334 in
559 296 719 344 scopulo
742 296 949 331 luctantem
970 293 1112 330 deserit
1132 293 1208 328 alto

189 365 420 413 Sergestum,
443 362 697 409 brevibusque
721 359 826 397 vadis
847 359 1058 406 frustraque
1078 363 1282 394 vocantem

188 431 336 476 auxilia,
357 437 394 467 et
415 429 541 466 fractis
563 427 778 464 discentem
792 436 950 467 ¹currere
972 423 1098 459 remis.

190 496 287 533 Inde
310 497 420 544 Gyan
443 495 643 542 ipsamque
667 490 810 539 ingenti
831 489 931 526 mole
954 488 1198 526 Chimaeram

188 561 437 609 consequitur
454 572 462 605 3
493 557 609 602 cedit,
632 556 814 604 quoniam
838 554 1000 602 spoliata
1020 552 1201 600 magistro
1222 558 1289 588 est.

187 627 296 664 Solus
317 626 471 673 iamque
493 624 576 672 ipso
599 626 772 669 superest
793 620 830 656 in
852 619 926 655 fine
950 618 1162 656 Cloanthus
1180 631 1186 653 :

187 703 302 739 quem
323 691 429 739 petit,
452 696 489 726 et
510 687 667 725 summis
690 685 851 722 adnixus
872 684 1010 720 viribus
1031 688 1178 730 urguet.

185 757 286 793 Tum
307 768 396 792 vero
418 753 628 802 ingeminat
651 751 809 795 clamor,
834 748 1040 796 cunctique
1063 752 1290 794 sequentem

186 821 365 869 instigant
385 819 531 863 studiis,
554 823 785 863 resonatque
810 813 1017 862 fragoribus
1040 812 1182 848 aether.

189 886 243 922 Hi
264 886 460 934 proprium
481 883 600 920 decus
623 888 660 918 et
682 887 834 929 partum
857 878 1102 926 indignantur
1123 876 1311 912 honorem

185 951 224 987 ni
245 956 412 996 teneant,
434 950 627 996 vitamque
649 946 781 982 volunt
802 956 871 992 pro
892 942 1005 979 laude
1027 941 1171 990 pacisci
1187 954 1197 987 3

187 1016 256 1052 hos
277 1027 475 1052 successus
498 1014 560 1050 alit
578 1028 583 1049 :
617 1016 791 1061 possunt,
813 1009 903 1057 quia
924 1019 1036 1056 posse
1058 1005 1245 1043 videntur.

188 1081 236 1117 Et
257 1081 331 1117 fors
352 1080 524 1127 aequatis
546 1078 740 1126 cepissent
764 1074 936 1123 praemia
956 1073 1094 1118 rostris,

186 1146 223 1182 ni
244 1146 390 1194 palmas
411 1150 533 1192 ponto
554 1142 717 1179 tendens
740 1148 919 1187 utrasque
941 1138 1153 1175 Cloanthus

186 1210 421 1257 fudissetque
443 1220 590 1257 preces,
614 1206 801 1254 divosque
824 1205 861 1241 in
883 1210 972 1240 vota
991 1209 1191 1240 vocasset:

188 1280 194 1294 ‘
214 1275 274 1320 Di,
296 1275 433 1323 quibus
454 1273 656 1321 imperium
678 1278 734 1308 est
755 1271 892 1320 pelagi,
915 1282 1079 1319 quorum
1101 1281 1270 1317 aequora
1290 1282 1413 1316 curro,

185 1340 292 1377 vobis
313 1340 431 1376 laetus
452 1351 525 1386 ego
548 1338 623 1374 hoc
647 1336 881 1373 candentem
904 1335 942 1371 in
964 1335 1070 1372 litore
1092 1341 1243 1371 taurum

186 1405 416 1442 constituam
438 1411 525 1440 ante
547 1415 641 1448 aras,
665 1402 741 1439 voti
763 1413 861 1447 reus,
885 1408 1049 1449 extaque
1072 1400 1189 1437 salsos

185 1470 388 1518 porriciam
409 1469 447 1505 in
468 1468 603 1505 fluctus
625 1474 663 1504 et
684 1467 772 1503 vina
791 1467 976 1515 liquentia
994 1465 1180 1503 fundam.'

187 1535 303 1580 Dixit,
328 1546 494 1582 eumque
517 1533 601 1570 imis
624 1533 694 1570 sub
715 1532 893 1569 fluctibus
914 1531 1034 1568 audiit
1055 1531 1179 1568 omnis

186 1599 398 1637 Nereidum
422 1599 636 1647 Phorcique
663 1597 801 1635 chorus
827 1599 1086 1646 Panopeaque
1107 1598 1226 1646 virgo,

185 1672 222 1702 et
242 1672 350 1714 pater
369 1665 450 1713 ipse
473 1676 587 1700 manu
613 1675 754 1712 magna
776 1665 965 1700 Portunus
987 1653 1144 1700 euntem

184 1729 358 1778 impulit3
389 1729 450 1766 illa
472 1730 577 1766 Noto
599 1729 710 1765 citius
732 1728 954 1776 volucrique
976 1729 1112 1777 sagitta

185 1794 234 1831 ad
256 1802 392 1832 terram
414 1794 517 1843 fugit,
542 1801 579 1830 et
601 1800 714 1842 portu
737 1805 778 1830 se
801 1793 978 1831 condidit
998 1794 1086 1831 alto.

237 1861 338 1897 Tum
359 1866 460 1896 satus
485 1859 664 1904 Anchisa,
691 1859 841 1896 cunctis
863 1871 910 1896 ex
931 1871 1036 1896 more
1058 1860 1216 1906 vocatis,

183 1925 369 1962 victorem
391 1937 529 1973 magna
552 1924 754 1972 praeconis
778 1937 874 1962 voce
897 1925 1131 1963 Cloanthum

185 1989 363 2035 declarat,
386 1989 571 2037 viridique
597 1989 748 2027 advelat
769 1996 946 2038 tempora
964 1990 1081 2032 lauro,

185 2062 421 2098 muneraque
442 2050 480 2086 in
501 2062 617 2087 naves
646 2057 773 2088 ternos
790 2057 924 2099 optare
946 2051 1140 2096 iuvencos,

184 2116 348 2164 vinaque
370 2122 407 2152 et
427 2115 573 2164 argenti
600 2128 781 2164 magnum
805 2115 870 2152 dat
891 2116 986 2152 ferre
1008 2116 1205 2152 talentum.

186 2181 283 2228 Ipsis
305 2182 535 2230 praecipuos
563 2181 784 2219 ductoribus
807 2180 916 2218 addit
937 2180 1102 2217 honores
1120 2195 1126 2217 :

184 2246 316 2283 victori
338 2246 586 2295 chlamydem
611 2253 793 2291 auratam,
817 2258 933 2294 quam
955 2245 1118 2294 plurima
1137 2245 1284 2302 cirqum

184 2322 350 2360 purpura
371 2311 579 2350 maeandro
604 2311 747 2360 duplici
771 2311 967 2348 Meliboea
988 2310 1165 2356 cucurrit,

184 2376 427 2426 intextusque
451 2389 546 2426 puer
566 2376 750 2413 frondosa
772 2376 897 2424 regius
922 2375 992 2412 Ida

185 2441 338 2479 veloces
363 2442 487 2479 iaculo
511 2453 644 2479 cervos
667 2453 857 2488 cursuque
880 2441 1021 2489 fatigat,

419 2525 461 2547 2³8
471 2527 637 2563 proiciam.
661 2527 700 2554 R.
1060 2525 1101 2546 251
1118 2526 1303 2554 Maeandro.
1328 2525 1362 2554 R.
1419 2537 1422 2541 ’

1513 177 1586 220 135

1535 296 1592 316 220

1538 622 1592 650 2²5

1537 946 1592 973 230

1537 1276 1590 1305 235

1538 1604 1594 1632 240

1539 1930 1593 1960 245

1539 2250 1595 2280 250
