1690 2734
143 148 195 189 72
576 150 621 179 11.
659 137 747 178 lee
778 138 883 179 Fall
908 140 961 192 of
991 140 1108 193 Troy.

132 261 470 302 [Ilicetobruimur
488 274 651 299 numero
668 276 678 309 余
707 263 932 311 primusque
954 264 1156 303 Coroebus

142 326 297 362 Penelei
317 325 452 363 dextra
472 326 583 363 divae
606 327 872 375 armipotentis
894 327 944 364 ad
965 341 1068 365 aram

139 391 384 438 procumbit余
415 390 518 427 cadit
540 397 577 427 et
599 391 787 439 Rhipeus,
810 392 1035 430 iustissimus
1055 407 1154 430 unus

140 456 204 503 qui
226 456 293 492 fuit
313 456 351 492 in
371 456 531 492 Teucris
553 462 589 492 et
611 457 914 493 servantissimus
936 459 1050 506 aequi
1068 473 1074 494 :

140 520 197 556 dis
219 521 325 557 aliter
345 521 493 567 visumg
523 528 687 569 pereunt
710 522 965 570 Hypanisque
990 524 1214 572 Dymasque

139 585 280 621 confixi
302 598 324 621 a
344 586 459 622 sociis
476 599 485 632 余
515 597 588 622 nec
610 592 646 622 te
663 592 728 622 tua
747 587 921 634 plurima,
946 587 1106 632 Panthu,

138 650 332 686 labentem
353 651 476 698 pietas
497 662 571 687 nec
592 651 778 698 Apollinis
801 652 918 688 infula
935 653 1040 689 texit.

139 715 245 750 Iliaci
269 715 416 751 cineres
438 721 476 751 et
496 715 651 752 flamma
672 722 842 752 extrema
863 730 1050 763 meorum,

138 785 266 825 testor,
289 780 327 816 in
349 791 490 816 occasu
507 787 632 817 vestro
652 793 725 817 nec
747 782 821 817 tela
841 794 914 818 nec
935 783 1028 819 ullas

137 844 312 881 vitavisse
333 845 436 881 vices
459 846 651 891 Danaum,
674 852 723 891 et,
746 846 775 883 si
797 846 873 883 fata
893 847 1051 884 fuissent

138 915 179 945 ut
200 909 393 955 caderem,
417 910 600 947 meruisse
621 924 748 948 manu.
809 912 1034 948 Divellimur
1053 912 1156 958 inde,

139 974 289 1022 Iphitus
311 980 348 1011 et
370 975 491 1011 Pelias
513 987 680 1021 mecum,
702 988 867 1024 quorum
891 977 1039 1025 Iphitus
1061 989 1157 1013 aevo

138 1039 213 1075 iam
234 1040 392 1087 gravior,
418 1040 539 1076 Pelias
561 1047 597 1076 et
618 1041 773 1077 volnere
795 1041 924 1078 tardus
945 1042 1048 1079 Ulixi
1065 1056 1075 1088 3

137 1105 311 1151 protinus
329 1104 379 1141 ad
401 1104 513 1141 sedes
536 1105 673 1141 Priami
691 1106 858 1142 clamore
879 1107 1017 1143 vocati.

192 1170 271 1205 Hic
292 1182 382 1206 vero
403 1170 601 1218 ingentem
622 1182 804 1218 pugnam,
827 1184 898 1207 ceu
921 1179 1050 1208 cetera
1069 1184 1259 1220 nusquam

136 1235 236 1271 bella
256 1235 392 1280 forent,
415 1235 506 1271 nulli
528 1242 608 1271 tota
629 1242 869 1272 morerentur
889 1237 926 1272 in
949 1237 1054 1273 urbe.

137 1300 198 1336 Sic
222 1300 387 1335 Martem
410 1299 654 1345 indomitum,
679 1301 914 1348 Danaosque
936 1301 985 1337 ad
1006 1308 1108 1338 tecta
1128 1303 1271 1339 ruentis

137 1365 340 1409 cernimus,
359 1365 641 1412 obsessumque
663 1372 749 1401 acta
770 1365 963 1402 testudine
985 1367 1114 1403 limen.

139 1431 313 1466 Haerent
334 1430 541 1477 parietibus
562 1430 699 1476 scalae,
722 1431 920 1479 postisque
942 1432 1013 1468 sub
1034 1432 1136 1479 ipsos

135 1495 306 1531 nituntur
325 1494 518 1542 gradibus,
541 1495 764 1543 clipeosque
787 1495 835 1532 ad
857 1496 931 1532 tela
952 1496 1108 1532 sinistris

136 1560 297 1608 protecti
320 1560 506 1605 obiciunt,
528 1567 711 1608 prensant
733 1561 880 1608 fastigia
901 1560 1054 1597 dextris.

137 1625 385 1661 Dardanidae
408 1632 542 1661 contra
562 1625 671 1661 turris
692 1637 738 1661 ac
758 1632 838 1662 tota
859 1625 1064 1662 domorum

136 1690 304 1726 culmina
324 1690 571 1736 convellunt3
602 1690 659 1726 his
681 1702 733 1735 se,
758 1690 915 1738 quando
938 1692 1070 1727 ultima
1091 1699 1265 1734 cernunt,

135 1762 305 1791 extrema
326 1755 400 1791 iam
421 1754 461 1791 in
482 1761 604 1791 morte
626 1762 760 1802 parant
783 1755 993 1792 defendere
1015 1756 1097 1792 telis
1118 1770 1124 1796 余

135 1827 361 1867 auratasque
382 1820 519 1865 trabes,
541 1826 713 1856 veterum
739 1820 884 1857 decora
906 1821 980 1856 alta
1000 1817 1213 1868 parentum,

136 1884 372 1931 devolvunt3
401 1885 462 1921 alii
484 1886 621 1922 strictis
646 1886 896 1923 mucronibus
917 1886 1012 1922 imas

135 1950 323 1986 obsedere
346 1951 445 1987 fores
463 1964 472 1996 3
503 1950 570 1987 has
594 1957 743 1987 servant
766 1951 918 1999 agmine
940 1951 1076 1988 denso.

136 2015 337 2051 Instaurati
360 2016 488 2061 animi,
511 2017 609 2064 regis
633 2028 854 2052 succurrere
876 2017 999 2062 tectis,

134 2080 352 2127 auxilioque
374 2081 496 2116 levare
518 2082 628 2122 viros,
652 2082 806 2129 vimque
828 2081 973 2118 addere
993 2082 1112 2119 victis.

191 2146 325 2181 Limen
347 2153 426 2182 erat
448 2159 666 2195 caecaeque
694 2148 793 2183 sores
815 2153 852 2183 et
873 2148 1133 2194 perviususus

135 2217 322 2246 tectorum
345 2213 442 2248 inter
461 2225 501 2249 se
525 2214 675 2257 Priami,
701 2220 909 2261 postesque
931 2213 1050 2249 relicti

134 2287 156 2310 a
176 2282 294 2322 tergo,
318 2277 445 2313 infelix
467 2290 543 2325 qua
563 2290 615 2322 se,
639 2278 731 2314 dum
754 2291 870 2326 regna
893 2278 1109 2324 manebant,

135 2342 285 2389 saepius
306 2341 580 2378 Andromache
602 2342 695 2378 ferre
717 2343 940 2379 incomitata
961 2343 1107 2380 solebat
1154 2380 1158 2382 ,

134 2405 184 2442 ad
204 2417 372 2450 soceros,
394 2413 433 2443 et
453 2401 524 2443 avo
545 2418 708 2456 puerum
730 2409 961 2456 Astyanacta
981 2408 1165 2445 trahebat.

613 2492 658 2513 433
674 2502 800 2520 comma
816 2493 892 2521 after
907 2494 995 2523 vices.
1020 2494 1054 2522 R.

1381 145 1541 190 [AENEm.

1485 336 1541 366 425

1485 662 1542 689 430

1483 985 1538 1014 435

1480 1633 1536 1662 445

1480 1958 1537 1987 450

1479 2284 1533 2313 455
