1690 2734
136 195 216 226 Ecn.
235 194 348 236 V111.]
635 186 1012 226 Plzarmaceulrz'a.

135 318 199 348 aut
219 312 392 356 Tmaros,
414 317 477 347 aut
498 310 706 358 Rhodope,
728 315 792 346 aut
814 309 974 345 extremi
995 309 1260 355 Garamantes,

135 388 207 413 nec
228 376 378 424 generis
399 375 517 412 nostri
537 387 698 423 puerum
718 386 790 411 nec
813 374 1006 422 sanguinis
1029 373 1161 411 edunt.

190 441 324 489 Incipe
347 440 559 477 Maenalios
581 452 746 485 mecum,
768 451 854 475 mea
875 439 977 484 tibia,
998 451 1139 475 versus.

134 507 274 543 Saevus
295 507 414 542 Amor
433 505 566 542 docuit
586 512 763 542 natorum
783 505 966 553 sanguine
988 511 1148 541 matrem

133 571 414 608 commaculare
435 583 569 607 manus
587 585 596 617 3
627 569 790 607 crudelis
811 577 851 606 tu
873 582 1039 618 quoque,
1061 576 1182 606 mater
1199 584 1206 606 ε

134 636 299 673 crudelis
320 643 441 672 mater
461 636 592 684 magis,
614 648 662 672 an
683 647 778 684 puer
800 635 997 683 improbus
1017 635 1107 671 ille?

135 701 337 750 Improbus
360 701 418 737 ille
441 713 559 749 puer3
591 700 754 737 crudelis
779 707 819 736 tu
840 712 1006 748 quoque,
1028 707 1160 736 mater.

188 767 323 814 Incipe
347 766 560 803 Maenalios
581 778 746 812 mecum,
768 778 856 801 mea
875 765 978 810 tibia,
999 777 1139 801 versus.

134 831 248 867 Nunc
270 839 308 868 et
323 832 403 868 ovis
424 831 519 868 ultro
542 831 657 880 fugiat
677 831 812 879 lupus3
843 842 956 866 aurea
976 830 1093 866 durae

132 896 231 932 mala
251 897 372 933 ferant
393 909 575 945 quercus3
606 896 775 932 narcisso
796 895 928 932 floreat
948 895 1080 942 alnus3

132 961 288 1010 pinguia
307 952 513 998 corticibus
535 960 675 998 sudent
695 942 870 998 electra
856 960 1048 1009 myricaeg

132 1033 280 1063 certent
301 1033 338 1063 et
360 1028 490 1075 cycnis
511 1026 661 1073 ululae3
692 1027 739 1063 sit
758 1027 909 1074 'lityrus
932 1026 1123 1074 Orpheus,

133 1092 311 1140 Orpheus
333 1093 370 1128 in
391 1092 502 1137 silvis,
525 1093 622 1128 inter
642 1091 844 1139 delphinas
865 1092 995 1128 Arion.

187 1157 322 1205 Incipe
345 1149 558 1193 Maenalios
579 1169 745 1202 mecum,
767 1168 854 1193 mea
874 1156 977 1202 tibia,
998 1169 1139 1193 versus.

1079 951 1121 974 „s

133 1222 276 1259 Omnia
294 1221 354 1258 vel
374 1221 546 1258 medium
565 1222 658 1257 fiant
678 1233 780 1258 mare
799 1236 805 1258 :
838 1221 963 1267 vivite,
985 1221 1098 1258 silvae
1119 1224 1126 1258 l

134 1287 322 1334 Praeceps
345 1287 434 1323 a'erii
456 1286 613 1334 specula
633 1285 682 1322 de
703 1286 843 1322 montis
864 1286 902 1322 in
923 1285 1045 1322 undas

132 1351 280 1388 deferar
294 1365 304 1397 3
335 1358 548 1387 extremum
569 1351 643 1387 hoc
664 1363 801 1387 munus
823 1351 1019 1387 morientis
1041 1351 1194 1388 habeto.

133 1416 277 1452 Desine
300 1416 527 1461 Maenalios,
549 1416 624 1453 iam
645 1415 791 1461 desine,
813 1416 915 1462 tibia,
937 1428 1078 1453 versus.

186 1482 299 1517 Haec
321 1482 476 1518 Damon
494 1495 500 1517 :
532 1493 612 1526 vos,
635 1493 732 1529 quae
753 1481 995 1529 responderit
1015 1481 1311 1529 Alphesiboeus,

132 1545 261 1591 dicite,
284 1545 454 1582 Pierides
471 1559 481 1592 3
511 1558 590 1582 non
611 1546 742 1582 onmia
762 1558 964 1594 possumus
986 1558 1133 1583 omnes.

130 1613 180 1666 A
222 1610 494 1664 Effer-aquam,
517 1617 555 1647 et
575 1611 679 1647 molli
700 1611 811 1659 cinge
834 1612 929 1647 haec
950 1611 1079 1647 altaria
1098 1611 1201 1657 vitta,

130 1670 399 1724 Verbenasqu'e‘
414 1675 527 1712 adole
547 1675 698 1724 pinguis
720 1682 758 1712 et
778 1676 947 1712 mascula
966 1682 1060 1722 tura,

132 1741 304 1788 coniugis
325 1747 365 1776 ut
384 1741 542 1788 magicis
563 1753 677 1777 sanos
697 1747 866 1777 avertere
888 1741 1002 1778 sacris

132 1805 306 1852 experiar
327 1817 459 1841 sensus
478 1819 484 1841 :
516 1805 608 1841 nihil
629 1805 691 1841 hic
712 1806 783 1842 nisi
805 1807 974 1842 carmina
994 1806 1145 1843 desunt.

132 1870 272 1906 Ducite
294 1869 342 1906 ab
362 1869 454 1906 urbe
477 1869 648 1915 domum,
670 1882 758 1906 mea
778 1871 958 1916 carmina,
980 1870 1109 1907 ducite
1132 1871 1340 1919 Daphnim.

185 1935 365 1972 Carmina
384 1934 444 1971 vel
465 1935 573 1971 caelo
594 1941 755 1983 possunt
775 1935 971 1972 deducere
994 1936 1141 1973 Lunam
1158 1950 1168 1983 3

131 1999 362 2036 carminibus
383 2000 494 2036 Circe
516 2000 643 2036 socios
664 2000 822 2036 mutavit
843 2000 944 2037 Ulixi
963 2014 970 2045 3

131 2063 286 2112 frigidus
307 2064 344 2100 in
365 2064 479 2112 pratis
502 2064 697 2101 cantando
718 2065 905 2113 rumpitur
924 2066 1069 2114 anguis.

132 2129 272 2165 Ducite
293 2129 341 2165 ab
362 2129 454 2166 urbe
475 2129 647 2175 domum,
669 2142 757 2166 mea
777 2130 958 2175 carmina,
980 2130 1109 2167 ducite
1132 2131 1340 2179 Daphnim.

183 2193 310 2229 Terna
329 2194 395 2230 tibi
417 2194 512 2230 haec
533 2194 698 2242 primum
718 2195 855 2243 triplici
877 2194 1027 2232 diversa
1049 2195 1176 2232 colore

128 2257 216 2294 licia
235 2257 446 2304 circumdo,
469 2265 601 2306 terque
623 2259 719 2295 haec
741 2260 871 2296 altaria
891 2260 1036 2296 circum

131 2322 297 2370 effigiem
317 2322 420 2359 duco
439 2338 445 2360 :
476 2335 637 2360 numero
658 2323 753 2360 deus
774 2324 919 2372 impare
939 2324 1092 2372 gaudet.

132 2387 271 2423 Ducite
292 2388 340 2425 ab
361 2388 454 2425 urbe
475 2388 647 2434 domum,
669 2401 756 2425 mea
776 2389 957 2434 carmina,
980 2389 1109 2426 ducite
1132 2390 1342 2438 Daphnim.

207 2468 235 2488 ⁴8
251 2469 481 2498 commacolare.
505 2469 540 2498 R.
619 2469 647 2489 5⁰
663 2470 803 2499 omitted.
825 2470 861 2499 R.
941 2469 968 2490 5⁵
981 2470 1052 2506 fiat.
1075 2471 1110 2499 R.

207 2517 235 2537 ‘³9
251 2521 290 2546 at.
315 2519 351 2547 R.
942 2520 969 2540 68
986 2521 1135 2556 Daphnin
1153 2521 1201 2555 (as
1217 2522 1359 2557 always).
1390 2521 1430 2549 H.

1478 198 1528 238 23

1493 380 1530 409 45

1493 722 1531 750 50

1493 1032 1528 1060 55

1492 1366 1530 1395 60

1490 2025 1527 2052 70

1489 2332 1525 2360 75
