1690 2734
191 237 249 268 VI.
269 235 355 278 769]
440 229 653 270 Anchises
676 227 934 268 Dz'scourses
956 227 1009 279 of
1023 225 1092 266 tlze
1114 223 1284 265 Dz'vz'tce
1307 223 1418 276 Lz'fe.

190 365 267 390 non
290 359 420 390 tamen
440 365 555 390 omne
577 352 721 389 malum
742 351 888 388 miseris
910 362 983 386 nec
1004 347 1176 385 funditus
1197 359 1333 384 omnes

191 429 400 467 corporeae
421 417 615 454 excedunt
638 423 777 465 pestes,
799 416 952 464 penitus
973 426 1047 462 que
1068 425 1228 450 necesse
1250 419 1307 449 est

190 483 307 519 multa
326 483 391 531 piu
414 490 596 519 concreta
618 481 743 518 modis
765 481 976 517 inolescere
997 479 1112 515 miris.

191 549 292 596 Ergo
314 555 542 584 exercentur
563 547 711 595 poenis,
733 553 984 593 veterumque
1006 544 1192 580 malorum

188 613 377 661 supplicia
397 612 622 661 expendunt
639 627 646 648 τ
678 612 773 648 31136
795 610 1018 659 panduntur
1038 609 1169 645 inanes

187 690 395 726 suspensae
417 677 465 714 ad
486 685 648 723 ventos,
679 677 759 713 aliis
781 676 851 713 sub
871 676 1019 724 gurgite
1040 681 1147 710 vasto

187 743 370 779 infectum
391 743 527 779 eluitur
546 742 681 786 scelus,
705 748 769 778 aut
790 741 957 777 exuritur
978 739 1080 787 igni,

185 808 346 856 quisque
368 820 457 844 suos
479 808 643 856 patimur
665 807 803 843 Manes
820 820 829 851 3
861 804 1000 842 exinde
1023 815 1090 852 per
1109 803 1280 851 amplum

185 873 368 909 mittimur
390 873 574 921 Elysium,
596 878 634 908 et
654 871 768 920 pauci
789 871 888 907 laeta
907 881 995 906 arva
1015 876 1193 904 tenemus
1210 882 1219 914 ;

184 936 310 974 donec
332 938 445 986 longa
466 937 560 983 dies,
583 937 754 986 perfecto
776 935 960 983 temporis
983 934 1088 979 orbe,

183 1010 404 1039 concretam
427 1003 568 1039 exemit
590 1003 730 1047 labem,
753 1011 970 1049 purumque
993 999 1171 1046 relinquit

182 1067 393 1104 aetherium
413 1080 569 1104 sensum
592 1075 706 1115 atque
727 1067 831 1103 aurai
854 1064 1037 1112 simplicis
1061 1064 1202 1111 ignem.

183 1133 267 1169 Has
287 1145 435 1178 01111165,
457 1133 522 1169 ubi
544 1133 644 1169 mille
665 1138 788 1168 rotam
810 1131 961 1167 volvere
982 1141 1051 1176 per
1071 1140 1205 1173 annos,

183 1197 394 1234 Lethaeum
416 1197 465 1234 ad
488 1198 642 1234 fluvium
663 1196 759 1233 deus
781 1201 917 1232 evocat
937 1194 1089 1243 agmine
1112 1205 1266 1242 magno,

181 1262 328 1299 scilicet
350 1263 596 1299 immemores
617 1273 755 1310 supera
775 1268 815 1298 ut
836 1273 1010 1298 convexa
1031 1262 1207 1307 revisant,

180 1339 305 1364 rursus
327 1334 364 1364 et
386 1328 570 1375 incipiant
600 1326 638 1363 in
660 1339 825 1376 corpora
846 1329 941 1365 velle
965 1330 1130 1366 reverti.’

236 1393 392 1429 Dixerat
413 1392 612 1437 Anchises,
635 1399 846 1440 natumque
870 1405 1023 1441 unaque
1045 1394 1226 1442 Sibyllam

181 1464 392 1494 conventus
414 1457 525 1494 1131111
547 1457 585 1493 111
606 1456 757 1494 medios
779 1457 1007 1506 turbamque
1030 1466 1246 1504 sonantem,

179 1528 216 1558 et
235 1523 424 1559 tumulum
446 1523 560 1570 capit,
582 1522 686 1559 unde
708 1534 845 1560 omnes
866 1523 984 1572 longo
1006 1523 1140 1560 ordine
1162 1524 1283 1572 possit

177 1586 358 1624 adversos
380 1587 518 1635 legere,
541 1594 579 1624 et
600 1588 820 1625 venientum
845 1588 994 1625 discere
1019 1589 1155 1625 vultus.

231 1654 240 1670 ‘
256 1653 372 1689 Nunc
392 1664 474 1701 age,
499 1652 736 1690 Dardaniam
760 1654 908 1702 prolem
930 1665 1030 1702 quae
1052 1652 1195 1690 deinde
1217 1660 1399 1701 sequatur

176 1717 305 1765 gloria,
327 1718 391 1766 qui
413 1725 593 1755 maneant
615 1718 712 1755 Itala
736 1718 786 1756 de
807 1725 922 1767 gente
943 1726 1119 1767 nepotes,

176 1782 337 1820 inlustris
359 1784 507 1820 animas
529 1790 781 1832 nostrumque
803 1784 842 1820 in
862 1796 1005 1820 nomen
1027 1784 1154 1829 ituras,

177 1847 382 1895 expediam
405 1848 528 1893 dictis,
552 1856 589 1885 et
612 1856 648 1885 te
670 1856 735 1885 tua
756 1849 832 1885 fata
853 1848 1019 1886 docebo.

178 1913 257 1958 Ille,
278 1913 397 1957 vides,
419 1925 513 1962 pura
536 1914 681 1951 iuvenis
703 1913 768 1962 qui
791 1914 922 1950 nititur
943 1914 1061 1959 113513,

176 1989 363 2025 proxuma
382 1985 482 2015 sorte
505 1985 610 2015 tenet
631 1979 725 2015 lucis
747 1979 844 2023 loca,
866 1979 1011 2027 primus
1033 1978 1081 2015 ad
1103 1991 1211 2015 auras

175 2043 361 2080 aetherias
384 2044 482 2081 Italo
504 2044 736 2081 commixtus
758 2045 941 2093 sanguine
963 2051 1102 2093 surget,

176 2108 322 2154 Silvius,
344 2109 535 2146 Albanum
557 2121 714 2153 nomen,
737 2115 800 2145 tua
820 2116 999 2157 postuma
1019 2109 1157 2158 proles,

175 2184 290 2220 quem
311 2174 378 2211 tibi
399 2174 588 2222 longaevo
610 2186 735 2210 serum
760 2174 916 2211 Lavinia
937 2175 1106 2210 coniunx

175 2237 315 2274 educet
335 2239 435 2275 silvis
456 2251 585 2287 regem
607 2251 818 2287 regumque
841 2245 1054 2287 parentem,

174 2301 278 2339 unde
298 2314 419 2350 genus
442 2303 577 2352 Longa
597 2310 769 2340 nostrum
791 2303 1052 2341 dominabitur
1072 2303 1179 2341 Alba.

228 2369 236 2384 ‘
252 2367 463 2404 Proxumus
485 2368 545 2404 ille
569 2369 721 2414 Procas,
741 2368 932 2405 Troianae
953 2369 1072 2416 gloria
1091 2368 1227 2417 gentis,

174 2437 211 2466 et
232 2431 371 2480 Capys,
393 2438 432 2468 et
452 2432 643 2478 Numitor,
666 2439 704 2469 et
724 2433 789 2481 qui
809 2439 846 2469 te
868 2434 1026 2470 nomine
1046 2432 1185 2470 reddet

173 2494 304 2532 Silvius
326 2497 489 2542 Aeneas,
511 2497 653 2545 pariter
672 2497 814 2545 pietate
836 2498 896 2534 vel
916 2498 1029 2535 armis

670 2583 711 2603 ⁷⁴¹³
726 2584 790 2611 and
806 2583 848 2603 74⁴
864 2584 940 2611 aster
954 2583 1006 2612 747.
1030 2585 1065 2612 R.

1510 233 1586 274 177

1531 614 1587 642 740

1527 939 1584 968 745

1524 1267 1582 1296 750

1523 1596 1578 1624 755

1516 2238 1570 2274 765
