<?xml version="1.0" encoding="UTF-8"?>
<!DOCTYPE html PUBLIC "-//W3C//DTD XHTML 1.0 Transitional//EN"
    "http://www.w3.org/TR/xhtml1/DTD/xhtml1-transitional.dtd">
<html xmlns="http://www.w3.org/1999/xhtml" xml:lang="en" lang="en">
 <head>
  <title>
</title>
<meta http-equiv="Content-Type" content="text/html;charset=utf-8" />
  <meta name='ocr-system' content='tesseract 3.04.00' />
  <meta name='ocr-capabilities' content='ocr_page ocr_carea ocr_par ocr_line ocrx_word'/>
</head>
<body>
  <div class='ocr_page' id='page_1' title='image "./bucolicaaeneisge00virguoft/bucolicaaeneisge00virguoft_0195.png"; bbox 0 0 1690 2734; ppageno 0'>
   <div class='ocr_carea' id='block_1_1' title="bbox 201 202 1172 256">
    <p class='ocr_par' dir='ltr' id='par_1_1' title="bbox 201 202 1172 256">
     <span class='ocr_line' id='line_1_1' title="bbox 201 202 1172 256; baseline -0.001 -12"><span class='ocrx_word' id='word_1_1' title='bbox 201 206 276 256; x_wconf 86' lang='lat'>158</span> <span class='ocrx_word' id='word_1_2' title='bbox 611 215 668 243; x_wconf 77' lang='lat' dir='ltr'>Vi.</span> <span class='ocrx_word' id='word_1_3' title='bbox 712 202 799 242; x_wconf 64' lang='grc' dir='ltr'>Τίτε</span> <span class='ocrx_word' id='word_1_4' title='bbox 829 202 988 242; x_wconf 76' lang='lat' dir='ltr'><em>Lowcr</em></span> <span class='ocrx_word' id='word_1_5' title='bbox 1021 203 1172 243; x_wconf 82' lang='lat' dir='ltr'>World.</span> 
     </span>
    </p>
   </div>
   <div class='ocr_carea' id='block_1_2' title="bbox 191 324 1405 2519">
    <p class='ocr_par' dir='ltr' id='par_1_2' title="bbox 191 324 1405 2519">
     <span class='ocr_line' id='line_1_2' title="bbox 196 324 1337 373; baseline -0.002 -9"><span class='ocrx_word' id='word_1_6' title='bbox 196 326 443 364; x_wconf 83' lang='lat' dir='ltr'>Dardanidae</span> <span class='ocrx_word' id='word_1_7' title='bbox 464 326 620 363; x_wconf 91' lang='lat' dir='ltr'>venient</span> <span class='ocrx_word' id='word_1_8' title='bbox 636 339 647 372; x_wconf 83' lang='lat'>3</span> <span class='ocrx_word' id='word_1_9' title='bbox 677 325 785 362; x_wconf 87' lang='lat' dir='ltr'>mitte</span> <span class='ocrx_word' id='word_1_10' title='bbox 808 325 908 361; x_wconf 88' lang='lat' dir='ltr'>hanc</span> <span class='ocrx_word' id='word_1_11' title='bbox 929 324 978 362; x_wconf 92' lang='lat' dir='ltr'>de</span> <span class='ocrx_word' id='word_1_12' title='bbox 999 331 1158 373; x_wconf 81' lang='lat' dir='ltr'>pectore</span> <span class='ocrx_word' id='word_1_13' title='bbox 1180 338 1311 362; x_wconf 88' lang='lat' dir='ltr'>curam</span> <span class='ocrx_word' id='word_1_14' title='bbox 1327 339 1337 372; x_wconf 77' lang='lat'><em>3</em></span> 
     </span>
     <span class='ocr_line' id='line_1_3' title="bbox 193 389 1242 436; baseline -0.002 -8"><span class='ocrx_word' id='word_1_15' title='bbox 193 391 263 428; x_wconf 93' lang='lat' dir='ltr'>sed</span> <span class='ocrx_word' id='word_1_16' title='bbox 284 404 363 428; x_wconf 90' lang='lat' dir='ltr'>non</span> <span class='ocrx_word' id='word_1_17' title='bbox 384 398 421 427; x_wconf 91' lang='lat' dir='ltr'>et</span> <span class='ocrx_word' id='word_1_18' title='bbox 442 391 590 427; x_wconf 90' lang='lat' dir='ltr'>venisse</span> <span class='ocrx_word' id='word_1_19' title='bbox 613 390 753 426; x_wconf 88' lang='lat' dir='ltr'>volent.</span> <span class='ocrx_word' id='word_1_20' title='bbox 815 389 932 436; x_wconf 80' lang='lat' dir='ltr'>Bella,</span> <span class='ocrx_word' id='word_1_21' title='bbox 953 389 1108 426; x_wconf 87' lang='lat' dir='ltr'>horrida</span> <span class='ocrx_word' id='word_1_22' title='bbox 1129 391 1242 435; x_wconf 88' lang='lat' dir='ltr'>bella,</span> 
     </span>
     <span class='ocr_line' id='line_1_4' title="bbox 193 454 1204 504; baseline -0.001 -12"><span class='ocrx_word' id='word_1_23' title='bbox 193 463 231 492; x_wconf 92' lang='lat' dir='ltr'>et</span> <span class='ocrx_word' id='word_1_24' title='bbox 250 456 435 504; x_wconf 84' lang='lat' dir='ltr'>Thybrim</span> <span class='ocrx_word' id='word_1_25' title='bbox 458 455 578 492; x_wconf 90' lang='lat' dir='ltr'>rnulto</span> <span class='ocrx_word' id='word_1_26' title='bbox 599 461 845 503; x_wconf 84' lang='lat' dir='ltr'><strong>spumantem</strong></span> <span class='ocrx_word' id='word_1_27' title='bbox 866 454 1051 503; x_wconf 84' lang='lat' dir='ltr'>sanguine</span> <span class='ocrx_word' id='word_1_28' title='bbox 1074 468 1204 491; x_wconf 92' lang='lat' dir='ltr'>cerno.</span> 
     </span>
     <span class='ocr_line' id='line_1_5' title="bbox 195 519 1258 565; baseline -0.001 -8"><span class='ocrx_word' id='word_1_29' title='bbox 195 521 285 557; x_wconf 93' lang='lat' dir='ltr'>Non</span> <span class='ocrx_word' id='word_1_30' title='bbox 306 521 442 557; x_wconf 83' lang='lat' dir='ltr'>Simois</span> <span class='ocrx_word' id='word_1_31' title='bbox 464 520 543 565; x_wconf 83' lang='lat' dir='ltr'>tibi,</span> <span class='ocrx_word' id='word_1_32' title='bbox 568 532 640 556; x_wconf 93' lang='lat' dir='ltr'>nec</span> <span class='ocrx_word' id='word_1_33' title='bbox 662 519 850 565; x_wconf 82' lang='lat' dir='ltr'>Xanthus,</span> <span class='ocrx_word' id='word_1_34' title='bbox 872 531 944 556; x_wconf 88' lang='lat' dir='ltr'>nec</span> <span class='ocrx_word' id='word_1_35' title='bbox 969 519 1113 556; x_wconf 91' lang='lat' dir='ltr'>Dorica</span> <span class='ocrx_word' id='word_1_36' title='bbox 1134 526 1258 556; x_wconf 81' lang='lat' dir='ltr'>castra</span> 
     </span>
     <span class='ocr_line' id='line_1_6' title="bbox 193 585 1114 632; baseline -0.001 -11"><span class='ocrx_word' id='word_1_37' title='bbox 193 585 408 630; x_wconf 75' lang='lat' dir='ltr'>defuerint3</span> <span class='ocrx_word' id='word_1_38' title='bbox 439 585 532 621; x_wconf 87' lang='lat' dir='ltr'>alius</span> <span class='ocrx_word' id='word_1_39' title='bbox 556 585 664 621; x_wconf 82' lang='lat' dir='ltr'>Latio</span> <span class='ocrx_word' id='word_1_40' title='bbox 687 585 761 620; x_wconf 87' lang='lat' dir='ltr'>iarn</span> <span class='ocrx_word' id='word_1_41' title='bbox 782 591 911 632; x_wconf 85' lang='lat' dir='ltr'>partus</span> <span class='ocrx_word' id='word_1_42' title='bbox 933 585 1114 630; x_wconf 87' lang='lat' dir='ltr'>Achilles,</span> 
     </span>
     <span class='ocr_line' id='line_1_7' title="bbox 193 649 1146 697; baseline 0.001 -11"><span class='ocrx_word' id='word_1_43' title='bbox 193 656 302 686; x_wconf 86' lang='lat' dir='ltr'>natus</span> <span class='ocrx_word' id='word_1_44' title='bbox 324 656 362 686; x_wconf 87' lang='lat' dir='ltr'>et</span> <span class='ocrx_word' id='word_1_45' title='bbox 382 650 462 697; x_wconf 88' lang='lat' dir='ltr'>ipse</span> <span class='ocrx_word' id='word_1_46' title='bbox 485 649 584 695; x_wconf 84' lang='lat' dir='ltr'>dea;</span> <span class='ocrx_word' id='word_1_47' title='bbox 614 661 688 685; x_wconf 90' lang='lat' dir='ltr'>nec</span> <span class='ocrx_word' id='word_1_48' title='bbox 710 649 870 685; x_wconf 88' lang='lat' dir='ltr'>Teucris</span> <span class='ocrx_word' id='word_1_49' title='bbox 892 649 1025 686; x_wconf 87' lang='lat' dir='ltr'>addita</span> <span class='ocrx_word' id='word_1_50' title='bbox 1047 650 1146 687; x_wconf 91' lang='lat' dir='ltr'>Iuno</span> 
     </span>
     <span class='ocr_line' id='line_1_8' title="bbox 194 714 1233 763; baseline 0.001 -12"><span class='ocrx_word' id='word_1_51' title='bbox 194 727 354 763; x_wconf 84' lang='lat' dir='ltr'>usquam</span> <span class='ocrx_word' id='word_1_52' title='bbox 377 715 522 760; x_wconf 85' lang='lat' dir='ltr'>aberit;</span> <span class='ocrx_word' id='word_1_53' title='bbox 553 726 641 750; x_wconf 89' lang='lat' dir='ltr'>cum</span> <span class='ocrx_word' id='word_1_54' title='bbox 663 721 703 750; x_wconf 89' lang='lat' dir='ltr'>tu</span> <span class='ocrx_word' id='word_1_55' title='bbox 723 714 887 762; x_wconf 84' lang='lat' dir='ltr'><strong>supplex</strong></span> <span class='ocrx_word' id='word_1_56' title='bbox 909 714 947 750; x_wconf 91' lang='lat' dir='ltr'>in</span> <span class='ocrx_word' id='word_1_57' title='bbox 969 715 1080 751; x_wconf 87' lang='lat' dir='ltr'>rebus</span> <span class='ocrx_word' id='word_1_58' title='bbox 1102 716 1233 763; x_wconf 83' lang='lat' dir='ltr'>egenis</span> 
     </span>
     <span class='ocr_line' id='line_1_9' title="bbox 193 779 1251 828; baseline 0.002 -13"><span class='ocrx_word' id='word_1_59' title='bbox 193 792 287 828; x_wconf 84' lang='lat' dir='ltr'>quas</span> <span class='ocrx_word' id='word_1_60' title='bbox 307 786 441 828; x_wconf 87' lang='lat' dir='ltr'>gentes</span> <span class='ocrx_word' id='word_1_61' title='bbox 463 779 602 816; x_wconf 90' lang='lat' dir='ltr'>Italum</span> <span class='ocrx_word' id='word_1_62' title='bbox 624 786 687 815; x_wconf 88' lang='lat' dir='ltr'>aut</span> <span class='ocrx_word' id='word_1_63' title='bbox 708 791 802 826; x_wconf 90' lang='lat' dir='ltr'>quas</span> <span class='ocrx_word' id='word_1_64' title='bbox 824 791 904 815; x_wconf 90' lang='lat' dir='ltr'>non</span> <span class='ocrx_word' id='word_1_65' title='bbox 927 780 1090 816; x_wconf 85' lang='lat' dir='ltr'>oraveris</span> <span class='ocrx_word' id='word_1_66' title='bbox 1112 781 1224 817; x_wconf 93' lang='lat' dir='ltr'>urbes</span> <span class='ocrx_word' id='word_1_67' title='bbox 1245 784 1251 817; x_wconf 86' lang='lat'>!</span> 
     </span>
     <span class='ocr_line' id='line_1_10' title="bbox 193 843 1246 892; baseline 0.002 -12"><span class='ocrx_word' id='word_1_68' title='bbox 193 845 320 881; x_wconf 81' lang='lat' dir='ltr'>Causa</span> <span class='ocrx_word' id='word_1_69' title='bbox 340 845 428 880; x_wconf 89' lang='lat' dir='ltr'>mali</span> <span class='ocrx_word' id='word_1_70' title='bbox 450 844 543 880; x_wconf 90' lang='lat' dir='ltr'>tanti</span> <span class='ocrx_word' id='word_1_71' title='bbox 565 844 735 880; x_wconf 87' lang='lat' dir='ltr'>coniunx</span> <span class='ocrx_word' id='word_1_72' title='bbox 756 843 893 880; x_wconf 89' lang='lat' dir='ltr'>iterum</span> <span class='ocrx_word' id='word_1_73' title='bbox 918 844 1068 892; x_wconf 80' lang='lat' dir='ltr'>hospita</span> <span class='ocrx_word' id='word_1_74' title='bbox 1087 846 1246 882; x_wconf 84' lang='lat' dir='ltr'>Teucris</span> 
     </span>
     <span class='ocr_line' id='line_1_11' title="bbox 193 908 769 957; baseline -0.002 -12"><span class='ocrx_word' id='word_1_75' title='bbox 193 910 417 957; x_wconf 83' lang='lat' dir='ltr'>externique</span> <span class='ocrx_word' id='word_1_76' title='bbox 439 909 575 945; x_wconf 85' lang='lat' dir='ltr'>iterum</span> <span class='ocrx_word' id='word_1_77' title='bbox 601 908 769 944; x_wconf 84' lang='lat' dir='ltr'>thalami.</span> 
     </span>
     <span class='ocr_line' id='line_1_12' title="bbox 191 972 1140 1019; baseline 0.001 -9"><span class='ocrx_word' id='word_1_78' title='bbox 191 975 252 1011; x_wconf 72' lang='lat' dir='ltr'>&#39;l&#39;u</span> <span class='ocrx_word' id='word_1_79' title='bbox 273 986 321 1010; x_wconf 91' lang='lat' dir='ltr'>ne</span> <span class='ocrx_word' id='word_1_80' title='bbox 342 973 440 1010; x_wconf 91' lang='lat' dir='ltr'>cede</span> <span class='ocrx_word' id='word_1_81' title='bbox 462 973 582 1018; x_wconf 86' lang='lat' dir='ltr'>malis,</span> <span class='ocrx_word' id='word_1_82' title='bbox 604 972 673 1009; x_wconf 87' lang='lat' dir='ltr'>sed</span> <span class='ocrx_word' id='word_1_83' title='bbox 694 979 828 1009; x_wconf 86' lang='lat' dir='ltr'>contra</span> <span class='ocrx_word' id='word_1_84' title='bbox 853 973 1057 1011; x_wconf 85' lang='lat' dir='ltr'>audentior</span> <span class='ocrx_word' id='word_1_85' title='bbox 1076 976 1140 1019; x_wconf 88' lang='lat' dir='ltr'>ito,</span> 
     </span>
     <span class='ocr_line' id='line_1_13' title="bbox 193 1038 1172 1087; baseline 0.001 -12"><span class='ocrx_word' id='word_1_86' title='bbox 193 1051 269 1087; x_wconf 88' lang='lat' dir='ltr'>qua</span> <span class='ocrx_word' id='word_1_87' title='bbox 289 1046 354 1075; x_wconf 91' lang='lat' dir='ltr'>tua</span> <span class='ocrx_word' id='word_1_88' title='bbox 374 1046 410 1074; x_wconf 88' lang='lat' dir='ltr'>te</span> <span class='ocrx_word' id='word_1_89' title='bbox 435 1039 603 1074; x_wconf 85' lang='lat' dir='ltr'>Fortuna</span> <span class='ocrx_word' id='word_1_90' title='bbox 622 1038 733 1074; x_wconf 90' lang='lat' dir='ltr'>sinet.</span> <span class='ocrx_word' id='word_1_91' title='bbox 794 1039 866 1074; x_wconf 90' lang='lat' dir='ltr'>Via</span> <span class='ocrx_word' id='word_1_92' title='bbox 887 1040 1009 1087; x_wconf 85' lang='lat' dir='ltr'>prima</span> <span class='ocrx_word' id='word_1_93' title='bbox 1031 1040 1172 1085; x_wconf 85' lang='lat' dir='ltr'>salutis,</span> 
     </span>
     <span class='ocr_line' id='line_1_14' title="bbox 193 1103 1164 1152; baseline 0.001 -12"><span class='ocrx_word' id='word_1_94' title='bbox 193 1104 300 1152; x_wconf 87' lang='lat' dir='ltr'>quod</span> <span class='ocrx_word' id='word_1_95' title='bbox 323 1104 480 1140; x_wconf 85' lang='lat' dir='ltr'>minime</span> <span class='ocrx_word' id='word_1_96' title='bbox 502 1104 604 1149; x_wconf 88' lang='lat' dir='ltr'>reris,</span> <span class='ocrx_word' id='word_1_97' title='bbox 627 1104 742 1141; x_wconf 88' lang='lat' dir='ltr'>Graia</span> <span class='ocrx_word' id='word_1_98' title='bbox 764 1103 956 1152; x_wconf 88' lang='lat' dir='ltr'>pandetur</span> <span class='ocrx_word' id='word_1_99' title='bbox 976 1105 1025 1141; x_wconf 89' lang='lat' dir='ltr'>ab</span> <span class='ocrx_word' id='word_1_100' title='bbox 1045 1105 1164 1141; x_wconf 89' lang='lat' dir='ltr'>urbe.’</span> 
     </span>
     <span class='ocr_line' id='line_1_15' title="bbox 246 1168 1102 1217; baseline -0.001 -11"><span class='ocrx_word' id='word_1_101' title='bbox 246 1169 402 1206; x_wconf 83' lang='lat' dir='ltr'>Talibus</span> <span class='ocrx_word' id='word_1_102' title='bbox 423 1181 471 1205; x_wconf 85' lang='lat' dir='ltr'>ex</span> <span class='ocrx_word' id='word_1_103' title='bbox 490 1168 607 1216; x_wconf 87' lang='lat' dir='ltr'>adyto</span> <span class='ocrx_word' id='word_1_104' title='bbox 629 1168 740 1205; x_wconf 88' lang='lat' dir='ltr'>dictis</span> <span class='ocrx_word' id='word_1_105' title='bbox 762 1169 936 1206; x_wconf 82' lang='lat' dir='ltr'>Cumaea</span> <span class='ocrx_word' id='word_1_106' title='bbox 962 1169 1102 1217; x_wconf 81' lang='lat' dir='ltr'>Sibylla</span> 
     </span>
     <span class='ocr_line' id='line_1_16' title="bbox 195 1233 1138 1282; baseline -0.001 -11"><span class='ocrx_word' id='word_1_107' title='bbox 195 1233 403 1271; x_wconf 82' lang='lat' dir='ltr'>horrendas</span> <span class='ocrx_word' id='word_1_108' title='bbox 425 1233 527 1270; x_wconf 87' lang='lat' dir='ltr'>canit</span> <span class='ocrx_word' id='word_1_109' title='bbox 547 1233 730 1281; x_wconf 81' lang='lat' dir='ltr'>ambages</span> <span class='ocrx_word' id='word_1_110' title='bbox 754 1240 940 1282; x_wconf 85' lang='lat' dir='ltr'>antroque</span> <span class='ocrx_word' id='word_1_111' title='bbox 963 1235 1138 1282; x_wconf 82' lang='lat' dir='ltr'>remugit,</span> 
     </span>
     <span class='ocr_line' id='line_1_17' title="bbox 194 1298 1080 1337; baseline -0.001 0"><span class='ocrx_word' id='word_1_112' title='bbox 194 1300 365 1337; x_wconf 79' lang='lat' dir='ltr'>obscuris</span> <span class='ocrx_word' id='word_1_113' title='bbox 386 1312 476 1336; x_wconf 88' lang='lat' dir='ltr'>vera</span> <span class='ocrx_word' id='word_1_114' title='bbox 496 1299 693 1335; x_wconf 86' lang='lat' dir='ltr'>involvens</span> <span class='ocrx_word' id='word_1_115' title='bbox 711 1312 717 1334; x_wconf 92' lang='lat'>:</span> <span class='ocrx_word' id='word_1_116' title='bbox 750 1310 795 1334; x_wconf 89' lang='lat' dir='ltr'>ea</span> <span class='ocrx_word' id='word_1_117' title='bbox 816 1298 922 1335; x_wconf 88' lang='lat' dir='ltr'>frena</span> <span class='ocrx_word' id='word_1_118' title='bbox 943 1299 1080 1336; x_wconf 89' lang='lat' dir='ltr'>furenti</span> 
     </span>
     <span class='ocr_line' id='line_1_18' title="bbox 194 1364 1214 1413; baseline 0 -11"><span class='ocrx_word' id='word_1_119' title='bbox 194 1366 379 1411; x_wconf 85' lang='lat' dir='ltr'>concutit,</span> <span class='ocrx_word' id='word_1_120' title='bbox 401 1371 439 1401; x_wconf 93' lang='lat' dir='ltr'>et</span> <span class='ocrx_word' id='word_1_121' title='bbox 459 1364 634 1401; x_wconf 88' lang='lat' dir='ltr'>stimulos</span> <span class='ocrx_word' id='word_1_122' title='bbox 655 1364 726 1401; x_wconf 91' lang='lat' dir='ltr'>sub</span> <span class='ocrx_word' id='word_1_123' title='bbox 753 1371 911 1412; x_wconf 90' lang='lat' dir='ltr'>pectore</span> <span class='ocrx_word' id='word_1_124' title='bbox 932 1365 1042 1401; x_wconf 90' lang='lat' dir='ltr'>vertit</span> <span class='ocrx_word' id='word_1_125' title='bbox 1062 1366 1214 1413; x_wconf 84' lang='lat' dir='ltr'>Apollo.</span> 
     </span>
     <span class='ocr_line' id='line_1_19' title="bbox 194 1429 1202 1478; baseline -0.001 -11"><span class='ocrx_word' id='word_1_126' title='bbox 194 1431 247 1468; x_wconf 92' lang='lat' dir='ltr'>Ut</span> <span class='ocrx_word' id='word_1_127' title='bbox 268 1430 434 1478; x_wconf 89' lang='lat' dir='ltr'>primum</span> <span class='ocrx_word' id='word_1_128' title='bbox 454 1430 568 1466; x_wconf 87' lang='lat' dir='ltr'>cessit</span> <span class='ocrx_word' id='word_1_129' title='bbox 589 1430 694 1466; x_wconf 89' lang='lat' dir='ltr'>furor</span> <span class='ocrx_word' id='word_1_130' title='bbox 714 1436 751 1466; x_wconf 90' lang='lat' dir='ltr'>et</span> <span class='ocrx_word' id='word_1_131' title='bbox 773 1429 907 1466; x_wconf 85' lang='lat' dir='ltr'>rabida</span> <span class='ocrx_word' id='word_1_132' title='bbox 926 1441 992 1466; x_wconf 86' lang='lat' dir='ltr'>ora</span> <span class='ocrx_word' id='word_1_133' title='bbox 1012 1430 1202 1477; x_wconf 84' lang='lat' dir='ltr'>quierunt⁷</span> 
     </span>
     <span class='ocr_line' id='line_1_20' title="bbox 194 1494 1111 1544; baseline -0.002 -12"><span class='ocrx_word' id='word_1_134' title='bbox 194 1496 328 1544; x_wconf 85' lang='lat' dir='ltr'>incipit</span> <span class='ocrx_word' id='word_1_135' title='bbox 349 1497 498 1532; x_wconf 84' lang='lat' dir='ltr'>Aeneas</span> <span class='ocrx_word' id='word_1_136' title='bbox 520 1496 634 1532; x_wconf 90' lang='lat' dir='ltr'>heros</span> <span class='ocrx_word' id='word_1_137' title='bbox 652 1510 658 1532; x_wconf 92' lang='lat'>:</span> <span class='ocrx_word' id='word_1_138' title='bbox 692 1495 700 1513; x_wconf 65' lang='grc'>”’</span> <span class='ocrx_word' id='word_1_139' title='bbox 718 1495 808 1531; x_wconf 90' lang='lat' dir='ltr'>Non</span> <span class='ocrx_word' id='word_1_140' title='bbox 831 1495 906 1531; x_wconf 89' lang='lat' dir='ltr'>ulla</span> <span class='ocrx_word' id='word_1_141' title='bbox 926 1494 1111 1540; x_wconf 83' lang='lat' dir='ltr'>laborum,</span> 
     </span>
     <span class='ocr_line' id='line_1_21' title="bbox 196 1560 1094 1609; baseline -0.002 -11"><span class='ocrx_word' id='word_1_142' title='bbox 196 1561 231 1599; x_wconf 90' lang='lat' dir='ltr'>O</span> <span class='ocrx_word' id='word_1_143' title='bbox 252 1561 368 1609; x_wconf 83' lang='lat' dir='ltr'>virgo,</span> <span class='ocrx_word' id='word_1_144' title='bbox 390 1573 491 1597; x_wconf 89' lang='lat' dir='ltr'>nova</span> <span class='ocrx_word' id='word_1_145' title='bbox 511 1561 563 1597; x_wconf 90' lang='lat' dir='ltr'>mi</span> <span class='ocrx_word' id='word_1_146' title='bbox 583 1560 700 1597; x_wconf 84' lang='lat' dir='ltr'>facies</span> <span class='ocrx_word' id='word_1_147' title='bbox 723 1560 929 1608; x_wconf 87' lang='lat' dir='ltr'>inopinave</span> <span class='ocrx_word' id='word_1_148' title='bbox 951 1560 1068 1608; x_wconf 84' lang='lat' dir='ltr'>surgit</span> <span class='ocrx_word' id='word_1_149' title='bbox 1084 1573 1094 1606; x_wconf 85' lang='lat'>;</span> 
     </span>
     <span class='ocr_line' id='line_1_22' title="bbox 194 1625 1261 1674; baseline 0.001 -12"><span class='ocrx_word' id='word_1_150' title='bbox 194 1626 325 1663; x_wconf 85' lang='lat' dir='ltr'>onmia</span> <span class='ocrx_word' id='word_1_151' title='bbox 344 1626 525 1674; x_wconf 89' lang='lat' dir='ltr'>praecepi</span> <span class='ocrx_word' id='word_1_152' title='bbox 546 1632 660 1674; x_wconf 89' lang='lat' dir='ltr'>atque</span> <span class='ocrx_word' id='word_1_153' title='bbox 681 1625 810 1661; x_wconf 87' lang='lat' dir='ltr'>animo</span> <span class='ocrx_word' id='word_1_154' title='bbox 832 1637 987 1661; x_wconf 88' lang='lat' dir='ltr'>mecum</span> <span class='ocrx_word' id='word_1_155' title='bbox 1008 1632 1096 1662; x_wconf 84' lang='lat' dir='ltr'>ante</span> <span class='ocrx_word' id='word_1_156' title='bbox 1119 1625 1261 1674; x_wconf 82' lang='lat' dir='ltr'>peregi.</span> 
     </span>
     <span class='ocr_line' id='line_1_23' title="bbox 195 1690 1122 1739; baseline -0.002 -11"><span class='ocrx_word' id='word_1_157' title='bbox 195 1692 327 1729; x_wconf 89' lang='lat' dir='ltr'>Unum</span> <span class='ocrx_word' id='word_1_158' title='bbox 348 1703 416 1727; x_wconf 91' lang='lat' dir='ltr'>oro</span> <span class='ocrx_word' id='word_1_159' title='bbox 433 1706 439 1727; x_wconf 91' lang='lat'>:</span> <span class='ocrx_word' id='word_1_160' title='bbox 472 1690 630 1739; x_wconf 89' lang='lat' dir='ltr'>quando</span> <span class='ocrx_word' id='word_1_161' title='bbox 651 1690 714 1727; x_wconf 92' lang='lat' dir='ltr'>hic</span> <span class='ocrx_word' id='word_1_162' title='bbox 734 1690 870 1726; x_wconf 92' lang='lat' dir='ltr'>inferni</span> <span class='ocrx_word' id='word_1_163' title='bbox 892 1690 1005 1726; x_wconf 88' lang='lat' dir='ltr'>ianua</span> <span class='ocrx_word' id='word_1_164' title='bbox 1024 1690 1122 1738; x_wconf 87' lang='lat' dir='ltr'>regis</span> 
     </span>
     <span class='ocr_line' id='line_1_24' title="bbox 196 1755 1166 1804; baseline -0.001 -12"><span class='ocrx_word' id='word_1_165' title='bbox 196 1756 344 1801; x_wconf 88' lang='lat' dir='ltr'>dicitur,</span> <span class='ocrx_word' id='word_1_166' title='bbox 367 1763 405 1792; x_wconf 93' lang='lat' dir='ltr'>et</span> <span class='ocrx_word' id='word_1_167' title='bbox 424 1756 629 1793; x_wconf 89' lang='lat' dir='ltr'>tenebrosa</span> <span class='ocrx_word' id='word_1_168' title='bbox 649 1756 758 1804; x_wconf 89' lang='lat' dir='ltr'>palus</span> <span class='ocrx_word' id='word_1_169' title='bbox 783 1755 1004 1792; x_wconf 89' lang='lat' dir='ltr'>Acheronte</span> <span class='ocrx_word' id='word_1_170' title='bbox 1027 1756 1166 1800; x_wconf 84' lang='lat' dir='ltr'>refuso,</span> 
     </span>
     <span class='ocr_line' id='line_1_25' title="bbox 197 1820 1047 1869; baseline -0.001 -12"><span class='ocrx_word' id='word_1_171' title='bbox 197 1821 248 1857; x_wconf 90' lang='lat' dir='ltr'>ire</span> <span class='ocrx_word' id='word_1_172' title='bbox 269 1820 319 1857; x_wconf 90' lang='lat' dir='ltr'>ad</span> <span class='ocrx_word' id='word_1_173' title='bbox 341 1828 596 1869; x_wconf 87' lang='lat' dir='ltr'>conspectum</span> <span class='ocrx_word' id='word_1_174' title='bbox 618 1821 694 1857; x_wconf 91' lang='lat' dir='ltr'>cari</span> <span class='ocrx_word' id='word_1_175' title='bbox 718 1821 899 1868; x_wconf 86' lang='lat' dir='ltr'>genitoris</span> <span class='ocrx_word' id='word_1_176' title='bbox 922 1827 960 1857; x_wconf 91' lang='lat' dir='ltr'>et</span> <span class='ocrx_word' id='word_1_177' title='bbox 980 1832 1047 1857; x_wconf 90' lang='lat' dir='ltr'>ora</span> 
     </span>
     <span class='ocr_line' id='line_1_26' title="bbox 197 1886 1166 1934; baseline 0 -12"><span class='ocrx_word' id='word_1_178' title='bbox 197 1887 395 1934; x_wconf 86' lang='lat' dir='ltr'>contingat</span> <span class='ocrx_word' id='word_1_179' title='bbox 412 1900 420 1932; x_wconf 80' lang='lat'><em>3</em></span> <span class='ocrx_word' id='word_1_180' title='bbox 451 1886 594 1923; x_wconf 89' lang='lat' dir='ltr'>doceas</span> <span class='ocrx_word' id='word_1_181' title='bbox 617 1886 685 1923; x_wconf 90' lang='lat' dir='ltr'>iter</span> <span class='ocrx_word' id='word_1_182' title='bbox 706 1893 743 1922; x_wconf 89' lang='lat' dir='ltr'>et</span> <span class='ocrx_word' id='word_1_183' title='bbox 765 1898 872 1922; x_wconf 88' lang='lat' dir='ltr'>sacra</span> <span class='ocrx_word' id='word_1_184' title='bbox 893 1886 990 1922; x_wconf 87' lang='lat' dir='ltr'>ostia</span> <span class='ocrx_word' id='word_1_185' title='bbox 1009 1886 1166 1934; x_wconf 82' lang='lat' dir='ltr'>pandas.</span> 
     </span>
     <span class='ocr_line' id='line_1_27' title="bbox 198 1951 1187 2000; baseline -0.001 -12"><span class='ocrx_word' id='word_1_186' title='bbox 198 1951 310 1987; x_wconf 87' lang='lat' dir='ltr'>Illum</span> <span class='ocrx_word' id='word_1_187' title='bbox 332 1964 404 2000; x_wconf 86' lang='lat' dir='ltr'>ego</span> <span class='ocrx_word' id='word_1_188' title='bbox 425 1964 493 2000; x_wconf 87' lang='lat' dir='ltr'>per</span> <span class='ocrx_word' id='word_1_189' title='bbox 512 1951 685 1988; x_wconf 86' lang='lat' dir='ltr'>flammas</span> <span class='ocrx_word' id='word_1_190' title='bbox 706 1958 744 1988; x_wconf 93' lang='lat' dir='ltr'>et</span> <span class='ocrx_word' id='word_1_191' title='bbox 766 1952 866 1988; x_wconf 86' lang='lat' dir='ltr'>mille</span> <span class='ocrx_word' id='word_1_192' title='bbox 891 1951 1094 1999; x_wconf 88' lang='lat' dir='ltr'>sequentia</span> <span class='ocrx_word' id='word_1_193' title='bbox 1112 1952 1187 1988; x_wconf 85' lang='lat' dir='ltr'>tela</span> 
     </span>
     <span class='ocr_line' id='line_1_28' title="bbox 197 2016 1209 2065; baseline 0 -13"><span class='ocrx_word' id='word_1_194' title='bbox 197 2017 316 2064; x_wconf 82' lang='lat' dir='ltr'>eripui</span> <span class='ocrx_word' id='word_1_195' title='bbox 347 2017 404 2053; x_wconf 79' lang='lat' dir='ltr'>his</span> <span class='ocrx_word' id='word_1_196' title='bbox 434 2017 585 2062; x_wconf 87' lang='lat' dir='ltr'>umeris,</span> <span class='ocrx_word' id='word_1_197' title='bbox 617 2016 825 2065; x_wconf 87' lang='lat' dir='ltr'>medioque</span> <span class='ocrx_word' id='word_1_198' title='bbox 847 2029 894 2053; x_wconf 84' lang='lat' dir='ltr'>ex</span> <span class='ocrx_word' id='word_1_199' title='bbox 918 2017 1028 2054; x_wconf 89' lang='lat' dir='ltr'>hoste</span> <span class='ocrx_word' id='word_1_200' title='bbox 1050 2017 1209 2064; x_wconf 75' lang='lat' dir='ltr'>recepi3</span> 
     </span>
     <span class='ocr_line' id='line_1_29' title="bbox 198 2081 1204 2128; baseline 0 -11"><span class='ocrx_word' id='word_1_201' title='bbox 198 2081 258 2117; x_wconf 90' lang='lat' dir='ltr'>ille</span> <span class='ocrx_word' id='word_1_202' title='bbox 280 2094 409 2118; x_wconf 88' lang='lat' dir='ltr'>meum</span> <span class='ocrx_word' id='word_1_203' title='bbox 430 2082 634 2118; x_wconf 87' lang='lat' dir='ltr'>comitatus</span> <span class='ocrx_word' id='word_1_204' title='bbox 655 2082 735 2128; x_wconf 84' lang='lat' dir='ltr'>iter,</span> <span class='ocrx_word' id='word_1_205' title='bbox 758 2082 876 2118; x_wconf 88' lang='lat' dir='ltr'>maria</span> <span class='ocrx_word' id='word_1_206' title='bbox 897 2083 1027 2119; x_wconf 87' lang='lat' dir='ltr'>omnia</span> <span class='ocrx_word' id='word_1_207' title='bbox 1051 2094 1204 2118; x_wconf 88' lang='lat' dir='ltr'>mecum</span> 
     </span>
     <span class='ocr_line' id='line_1_30' title="bbox 197 2147 1214 2196; baseline 0.001 -14"><span class='ocrx_word' id='word_1_208' title='bbox 197 2152 312 2194; x_wconf 88' lang='lat' dir='ltr'>atque</span> <span class='ocrx_word' id='word_1_209' title='bbox 334 2158 470 2183; x_wconf 88' lang='lat' dir='ltr'>omnes</span> <span class='ocrx_word' id='word_1_210' title='bbox 490 2147 696 2196; x_wconf 84' lang='lat' dir='ltr'>pelagique</span> <span class='ocrx_word' id='word_1_211' title='bbox 718 2147 840 2184; x_wconf 88' lang='lat' dir='ltr'>minas</span> <span class='ocrx_word' id='word_1_212' title='bbox 861 2148 1034 2195; x_wconf 86' lang='lat' dir='ltr'>caelique</span> <span class='ocrx_word' id='word_1_213' title='bbox 1057 2147 1214 2191; x_wconf 85' lang='lat' dir='ltr'>ferebat,</span> 
     </span>
     <span class='ocr_line' id='line_1_31' title="bbox 199 2210 1086 2260; baseline 0.002 -13"><span class='ocrx_word' id='word_1_214' title='bbox 199 2210 396 2256; x_wconf 88' lang='lat' dir='ltr'>invalidus,</span> <span class='ocrx_word' id='word_1_215' title='bbox 418 2211 514 2248; x_wconf 90' lang='lat' dir='ltr'>vires</span> <span class='ocrx_word' id='word_1_216' title='bbox 535 2213 630 2248; x_wconf 89' lang='lat' dir='ltr'>ultra</span> <span class='ocrx_word' id='word_1_217' title='bbox 650 2219 870 2260; x_wconf 88' lang='lat' dir='ltr'>sortemque</span> <span class='ocrx_word' id='word_1_218' title='bbox 891 2219 1086 2249; x_wconf 88' lang='lat' dir='ltr'>senectae.</span> 
     </span>
     <span class='ocr_line' id='line_1_32' title="bbox 200 2275 1286 2325; baseline 0.001 -13"><span class='ocrx_word' id='word_1_219' title='bbox 200 2275 316 2322; x_wconf 83' lang='lat' dir='ltr'>Quin,</span> <span class='ocrx_word' id='word_1_220' title='bbox 339 2282 380 2312; x_wconf 91' lang='lat' dir='ltr'>ut</span> <span class='ocrx_word' id='word_1_221' title='bbox 399 2283 436 2312; x_wconf 89' lang='lat' dir='ltr'>te</span> <span class='ocrx_word' id='word_1_222' title='bbox 457 2277 618 2324; x_wconf 89' lang='lat' dir='ltr'>supplex</span> <span class='ocrx_word' id='word_1_223' title='bbox 639 2283 812 2325; x_wconf 89' lang='lat' dir='ltr'>peterem</span> <span class='ocrx_word' id='word_1_224' title='bbox 834 2284 872 2313; x_wconf 92' lang='lat' dir='ltr'>et</span> <span class='ocrx_word' id='word_1_225' title='bbox 891 2283 957 2313; x_wconf 90' lang='lat' dir='ltr'>tua</span> <span class='ocrx_word' id='word_1_226' title='bbox 976 2277 1108 2313; x_wconf 88' lang='lat' dir='ltr'>limina</span> <span class='ocrx_word' id='word_1_227' title='bbox 1123 2277 1286 2323; x_wconf 67' lang='lat' dir='ltr'>adirem,</span> 
     </span>
     <span class='ocr_line' id='line_1_33' title="bbox 200 2338 1274 2390; baseline 0.003 -15"><span class='ocrx_word' id='word_1_228' title='bbox 200 2338 303 2376; x_wconf 90' lang='lat' dir='ltr'>idem</span> <span class='ocrx_word' id='word_1_229' title='bbox 325 2352 437 2377; x_wconf 89' lang='lat' dir='ltr'>orans</span> <span class='ocrx_word' id='word_1_230' title='bbox 459 2341 640 2378; x_wconf 88' lang='lat' dir='ltr'>mandata</span> <span class='ocrx_word' id='word_1_231' title='bbox 660 2341 787 2378; x_wconf 87' lang='lat' dir='ltr'>dabat.</span> <span class='ocrx_word' id='word_1_232' title='bbox 850 2342 1045 2389; x_wconf 89' lang='lat' dir='ltr'>Gnatique</span> <span class='ocrx_word' id='word_1_233' title='bbox 1066 2342 1274 2390; x_wconf 89' lang='lat' dir='ltr'>patrisque,</span> 
     </span>
     <span class='ocr_line' id='line_1_34' title="bbox 201 2403 1405 2454; baseline 0.002 -14"><span class='ocrx_word' id='word_1_234' title='bbox 201 2403 310 2449; x_wconf 85' lang='lat' dir='ltr'>alma,</span> <span class='ocrx_word' id='word_1_235' title='bbox 332 2416 479 2452; x_wconf 86' lang='lat' dir='ltr'>precor,</span> <span class='ocrx_word' id='word_1_236' title='bbox 502 2406 680 2442; x_wconf 87' lang='lat' dir='ltr'>miserere</span> <span class='ocrx_word' id='word_1_237' title='bbox 698 2419 706 2451; x_wconf 85' lang='lat'>;</span> <span class='ocrx_word' id='word_1_238' title='bbox 723 2428 773 2432; x_wconf 89' lang='lat'>—</span> <span class='ocrx_word' id='word_1_239' title='bbox 787 2412 898 2454; x_wconf 86' lang='lat' dir='ltr'>potes</span> <span class='ocrx_word' id='word_1_240' title='bbox 918 2418 1086 2454; x_wconf 85' lang='lat' dir='ltr'>namque</span> <span class='ocrx_word' id='word_1_241' title='bbox 1108 2406 1250 2451; x_wconf 85' lang='lat' dir='ltr'>omnia,</span> <span class='ocrx_word' id='word_1_242' title='bbox 1273 2418 1347 2444; x_wconf 90' lang='lat' dir='ltr'>nec</span> <span class='ocrx_word' id='word_1_243' title='bbox 1368 2413 1405 2444; x_wconf 91' lang='lat' dir='ltr'>te</span> 
     </span>
     <span class='ocr_line' id='line_1_35' title="bbox 201 2469 1204 2519; baseline 0.003 -15"><span class='ocrx_word' id='word_1_244' title='bbox 201 2469 435 2517; x_wconf 88' lang='lat' dir='ltr'>nequiquam</span> <span class='ocrx_word' id='word_1_245' title='bbox 456 2469 551 2507; x_wconf 90' lang='lat' dir='ltr'>lucis</span> <span class='ocrx_word' id='word_1_246' title='bbox 574 2471 727 2507; x_wconf 88' lang='lat' dir='ltr'>Hecate</span> <span class='ocrx_word' id='word_1_247' title='bbox 748 2471 933 2519; x_wconf 88' lang='lat' dir='ltr'>praefecit</span> <span class='ocrx_word' id='word_1_248' title='bbox 954 2471 1112 2507; x_wconf 89' lang='lat' dir='ltr'>Avernis</span> <span class='ocrx_word' id='word_1_249' title='bbox 1129 2484 1204 2517; x_wconf 84' lang='lat'>;—</span> 
     </span>
    </p>
   </div>
   <div class='ocr_carea' id='block_1_3' title="bbox 772 2555 1017 2594">
    <p class='ocr_par' dir='ltr' id='par_1_3' title="bbox 772 2555 1017 2594">
     <span class='ocr_line' id='line_1_36' title="bbox 772 2555 1017 2594; baseline 0.004 -10"><span class='ocrx_word' id='word_1_250' title='bbox 772 2555 800 2576; x_wconf 80' lang='lat'>⁹⁸</span> <span class='ocrx_word' id='word_1_251' title='bbox 821 2556 957 2594; x_wconf 83' lang='lat' dir='ltr'>Cymaea.</span> <span class='ocrx_word' id='word_1_252' title='bbox 981 2556 1017 2586; x_wconf 83' lang='lat' dir='ltr'>R.</span> 
     </span>
    </p>
   </div>
   <div class='ocr_carea' id='block_1_4' title="bbox 1434 209 1593 250">
    <p class='ocr_par' dir='ltr' id='par_1_4' title="bbox 1434 209 1593 250">
     <span class='ocr_line' id='line_1_37' title="bbox 1434 209 1593 250; baseline 0 -10"><span class='ocrx_word' id='word_1_253' title='bbox 1434 209 1593 250; x_wconf 76' lang='lat' dir='ltr'>[AENElD.</span> 
     </span>
    </p>
   </div>
   <div class='ocr_carea' id='block_1_5' title="bbox 1558 983 1594 1010">
    <p class='ocr_par' dir='ltr' id='par_1_5' title="bbox 1558 983 1594 1010">
     <span class='ocr_line' id='line_1_38' title="bbox 1558 983 1594 1010; baseline 0 0"><span class='ocrx_word' id='word_1_254' title='bbox 1558 983 1594 1010; x_wconf 83' lang='lat'>95</span> 
     </span>
    </p>
   </div>
   <div class='ocr_carea' id='block_1_6' title="bbox 1543 1308 1596 1327">
    <p class='ocr_par' dir='ltr' id='par_1_6' title="bbox 1543 1308 1596 1327">
     <span class='ocr_line' id='line_1_39' title="bbox 1543 1308 1596 1327; baseline 0 0"><span class='ocrx_word' id='word_1_255' title='bbox 1543 1308 1596 1327; x_wconf 91' lang='lat'>100</span> 
     </span>
    </p>
   </div>
   <div class='ocr_carea' id='block_1_7' title="bbox 1544 1633 1595 1660">
    <p class='ocr_par' dir='ltr' id='par_1_7' title="bbox 1544 1633 1595 1660">
     <span class='ocr_line' id='line_1_40' title="bbox 1544 1633 1595 1660; baseline 0 -8"><span class='ocrx_word' id='word_1_256' title='bbox 1544 1633 1595 1660; x_wconf 82' lang='lat'>105</span> 
     </span>
    </p>
   </div>
   <div class='ocr_carea' id='block_1_8' title="bbox 1544 1959 1597 1978">
    <p class='ocr_par' dir='ltr' id='par_1_8' title="bbox 1544 1959 1597 1978">
     <span class='ocr_line' id='line_1_41' title="bbox 1544 1959 1597 1978; baseline 0 0"><span class='ocrx_word' id='word_1_257' title='bbox 1544 1959 1597 1978; x_wconf 90' lang='lat'>110</span> 
     </span>
    </p>
   </div>
   <div class='ocr_carea' id='block_1_9' title="bbox 1546 2283 1596 2311">
    <p class='ocr_par' dir='ltr' id='par_1_9' title="bbox 1546 2283 1596 2311">
     <span class='ocr_line' id='line_1_42' title="bbox 1546 2283 1596 2311; baseline 0 -9"><span class='ocrx_word' id='word_1_258' title='bbox 1546 2283 1596 2311; x_wconf 81' lang='lat'>115</span> 
     </span>
    </p>
   </div>
  </div>
 </body>
</html>
