1690 2734
159 171 173 199 1
184 171 237 211 34
738 173 777 201 v.
817 162 970 214 Sicily.

153 295 225 318 nec
246 289 326 319 tota
348 290 477 320 tamen
496 284 557 320 ille
578 283 682 332 prior
701 288 910 331 praeeunte
932 286 1062 322 carina
1077 299 1085 331 ;

152 353 259 395 parte
280 348 393 396 prior,
416 355 564 396 partem
584 355 706 384 rostro
727 349 866 396 premit
889 350 1040 386 aemula
1062 351 1201 388 Pristis.

151 413 200 448 At
221 411 351 448 media
371 413 499 449 socios
520 411 708 449 incedens
729 425 825 449 nave
846 425 915 462 per
935 414 1039 462 ipsos

153 477 322 513 hortatur
343 477 571 514 Mnestheus
590 491 596 513 :
630 480 638 495 ‘
655 478 784 523 Nunc,
806 491 909 515 nunc
932 479 1114 528 insurgite
1135 481 1262 526 remis,

153 542 340 578 Hectorei
361 542 467 587 socii,
488 542 628 578 Troiae
649 554 747 590 quos
767 550 868 580 sorte
890 556 1071 592 suprema

151 606 277 655 delegi
299 607 487 653 comites,·
519 619 622 643 nunc
645 607 723 644 illas
746 608 910 656 promite
931 609 1040 655 vires,

150 683 255 708 nunc
275 672 436 717 animos,
459 672 597 720 quibus
618 673 657 708 in
679 673 850 709 Gaetulis
872 672 1040 722 Syrtibus
1060 675 1128 720 usi,

153 736 343 783 Ionioque
365 737 458 772 mari
482 736 716 785 Maleaeque
739 738 971 784 sequacibus
992 738 1118 776 undis.

152 801 243 837 Non
264 801 338 838 iam
361 802 484 850 prima
504 809 596 850 peto
621 803 862 848 Mnestheus,
885 815 1011 851 neque
1032 804 1186 840 vincere
1209 813 1342 851 cert03

151 878 387 914 quamquam
405 867 440 904 O
461 867 608 904 l—sed
625 875 820 915 superent,
838 868 976 916 quibus
994 868 1080 913 hoc,
1100 870 1296 917 Neptune,
1315 869 1455 906 dedisti
1471 884 1481 916 ,-

152 938 344 968 extremos
365 931 512 980 pudeat
532 932 716 979 rediisse3
748 932 823 969 hoc
844 934 999 978 vincite,
1023 934 1137 979 cives,

151 1003 188 1032 et
209 997 410 1044 prohibete
432 997 565 1034 nefas.'
623 997 698 1035 Olli
719 998 929 1034 certamine
951 1011 1102 1034 summo

151 1062 436 1110 procumbunt;
467 1062 581 1099 vastis
602 1063 727 1099 tremit
750 1063 886 1100 ictibus
908 1075 1020 1100 aerea
1040 1064 1194 1111 puppis,

151 1127 459 1175 subtrahiturque
481 1128 630 1174 solum3
661 1135 742 1165 tum
764 1129 899 1166 creber
917 1129 1105 1165 anhelitus
1127 1137 1228 1165 artus

151 1192 334 1240 aridaque
356 1205 423 1229 ora
443 1193 576 1241 quatit,
599 1193 717 1230 sudor
737 1193 816 1230 fluit
838 1193 1009 1242 undique
1030 1194 1128 1231 rivis.

206 1257 339 1294 Attulit
359 1258 440 1306 ipse
462 1258 547 1295 viris
569 1265 744 1306 optatum
766 1271 876 1295 casus
899 1259 1098 1296 honorem.

154 1324 332 1371 Namque
354 1323 481 1359 furens
504 1323 620 1360 animi
642 1323 734 1360 dum
756 1336 908 1372 proram
929 1324 978 1361 ad
999 1337 1089 1360 saxa
1109 1325 1318 1373 suburguet

152 1388 318 1433 interior,
340 1388 543 1436 spatioque
565 1389 665 1425 subit
686 1390 883 1437 Sergestus
905 1389 1049 1437 iniquo,

152 1453 281 1490 infelix
302 1453 399 1489 saxis
421 1454 459 1489 in
481 1454 793 1501 procurrentibus
814 1454 947 1491 haesit.

153 1519 378 1556 Concussae
400 1526 545 1564 cautes,
569 1525 606 1555 et
626 1526 741 1556 acuto
763 1519 800 1555 in
822 1519 966 1556 murice
987 1519 1083 1556 remi

153 1584 282 1621 obnixi
304 1596 499 1632 crepuere,
523 1584 708 1632 inlisaque
729 1574 842 1632 prora
863 1584 1063 1633 pependit.

153 1650 399 1698 Consurgunt
420 1656 558 1686 nautae
581 1656 619 1685 et
639 1661 782 1697 magno
803 1649 970 1686 clamore
991 1657 1198 1695 morantur,

152 1716 386 1763 ferratasque
408 1714 539 1750 trudes
562 1720 599 1750 et
620 1720 732 1750 acuta
753 1713 913 1761 cuspide
936 1721 1072 1750 contos

154 1781 376 1829 expediunt,
399 1781 616 1828 fractosque
638 1779 769 1827 legunt
790 1779 828 1815 in
850 1779 996 1827 gurgite
1017 1791 1156 1834 remos.

208 1848 255 1882 At
276 1846 396 1883 laetus
418 1845 647 1882 Mnestheus
670 1855 930 1891 successuque
952 1844 1074 1880 acrior
1094 1844 1178 1892 ipso

154 1913 305 1960 agmine
326 1924 518 1949 remorum
541 1910 655 1947 celeri
677 1909 876 1957 ventisque
898 1908 1041 1945 vocatis

155 1990 276 2025 prona
297 1978 390 2025 petit
411 1977 529 2013 maria
550 1983 587 2012 et
609 1975 745 2024 pelago
769 1973 937 2010 decurrit
958 1981 1102 2021 aperto.

156 2042 288 2089 Qualis
309 2042 494 2090 spelunca
515 2041 641 2079 subito
665 2046 863 2077 commota
884 2038 1076 2083 columba,

155 2107 217 2142 cui
238 2106 377 2143 domus
399 2113 437 2143 et
456 2106 589 2143 dulces
612 2106 804 2142 latebroso
827 2105 863 2141 in
886 2104 1040 2152 pumice
1063 2103 1155 2148 nidi,

154 2171 271 2208 fertur
292 2172 328 2207 in
350 2184 437 2207 arva
458 2172 601 2216 volans,
625 2171 879 2219 plausumque
902 2169 1077 2206 exterrita
1099 2169 1236 2218 pennis

156 2235 222 2272 dat
241 2242 346 2272 tecto
368 2236 576 2284 ingentem,
599 2248 689 2272 mox
710 2240 797 2272 aere
820 2235 925 2284 lapsa
946 2235 1078 2283 quieto

155 2299 253 2336 radit
274 2301 344 2336 iter
364 2300 564 2348 liquidum,
587 2301 730 2338 celeres
751 2313 878 2349 neque
900 2306 1123 2337 commovet
1143 2299 1244 2337 alas:

156 2365 210 2401 sic
233 2365 472 2409 Mnestheus,
496 2365 550 2401 sic
571 2365 653 2413 ipsa
673 2366 761 2414 fuga
781 2372 886 2402 secat
907 2365 1040 2402 ultima
1062 2365 1189 2402 Pristis

156 2440 336 2477 aequora,
359 2430 414 2466 sic
434 2429 536 2466 illam
557 2429 627 2466 fert
647 2430 814 2478 impetus
837 2431 917 2478 ipse
938 2429 1143 2467 volantem.

733 2515 773 2536 187
782 2519 914 2552 partam,
938 2516 975 2545 R.

1395 170 1557 213 [AENEm.

1506 554 1560 581 190

1505 884 1557 912 195

1504 1203 1559 1221 200

1504 1527 1559 1557 205

1504 1852 1560 1872 210

1505 2177 1565 2205 215¹
