1690 2734
152 165 191 195 V.
211 163 304 204 389.]
611 155 650 194 T
645 155 697 194 lae
728 152 906 205 Boxz‘ug
935 151 1096 191 Matelz.

148 281 186 318 ni
208 292 281 326 me,
303 292 401 328 quae
423 279 576 323 Salium,
598 278 749 314 fortuna
770 275 926 312 inimica
945 274 1118 310 tulisset?

149 346 199 382 Et
219 345 329 382 simul
351 345 405 381 his
428 344 539 381 dictis
561 343 699 379 faciem
721 340 937 378 ostentabat
958 346 995 375 et
1016 338 1094 375 udo

147 410 272 458 turpia
291 409 465 446 membra
485 409 589 445 fimo.
648 407 746 444 Risit
766 412 876 454 pater
896 404 1064 453 optimus
1085 403 1160 448 olli,

148 482 185 512 et
206 475 374 523 clipeum
396 474 518 511 efferri
541 473 657 518 iussit,
682 470 937 520 Didymaonis
960 476 1092 512 artem,

149 540 322 589 Neptuni
343 551 451 576 sacro
474 538 619 575 Danais
641 537 690 574 de
711 543 821 585 poste
842 535 1014 571 refixum.

149 606 241 642 Hoc
262 605 441 641 iuvenem
464 602 660 651 egregium
681 599 889 650 praestanti
912 609 1071 635 munere
1093 596 1226 634 donat.

204 671 305 716 Post,
326 669 391 706 ubi
412 668 582 705 confecti
604 679 747 711 cursus,
770 671 808 701 et
828 664 933 701 dona
953 663 1122 711 peregit:

149 738 157 753 ‘
176 735 304 779 Nunc,
327 734 357 770 si
377 733 439 770 cui
460 733 575 769 virtus
596 732 824 778 animusque
848 729 885 765 in
907 734 1064 777 pectore
1087 739 1283 775 praesens,

148 799 259 844 adsit,
281 805 319 835 et
335 798 494 835 evinctis
515 797 662 834 attollat
681 795 840 833 brachia
860 794 1022 843 palmis.'

149 865 210 902 Sic
231 864 293 909 ait,
316 870 353 900 et
373 863 571 911 geminum
592 872 743 910 pugnae
766 858 951 908 proponit
972 858 1173 902 honorem,

148 929 282 966 victori
302 928 469 964 velatum
491 939 584 963 auro
605 926 782 973 vittisque
805 925 1024 966 iuvencum,

150 1006 284 1031 ensem
304 1000 420 1041 atque
442 992 631 1040 insignem
652 990 802 1039 galeam
822 988 964 1025 solacia
982 988 1096 1024 victo.

151 1060 237 1097 Nec
258 1070 389 1095 mora:
422 1057 608 1094 continuo
628 1055 742 1092 vastis
764 1066 854 1091 cum
875 1053 1013 1090 viribus
1034 1052 1141 1089 effert

150 1137 217 1162 ora
239 1125 373 1169 Dares,
394 1133 615 1170 magnoque
636 1121 758 1157 virum
779 1131 818 1156 se
842 1130 1034 1155 murmure
1056 1117 1151 1154 tollit
1167 1126 1176 1163 ‚³

152 1191 254 1228 solus
275 1190 341 1238 qui
362 1188 540 1226 Paridem
562 1187 693 1224 solitus
715 1184 954 1223 contendere
975 1190 1119 1228 contra,

152 1255 333 1304 idemque
354 1253 404 1291 ad
424 1253 626 1298 tumulum,
649 1264 726 1301 quo
748 1251 935 1288 maximus
957 1248 1124 1286 occubat
1146 1248 1307 1294 Hector,

152 1320 337 1359 v'ictorern
360 1321 483 1356 Buten
505 1318 664 1356 immani
685 1329 860 1366 corpore,
882 1316 949 1364 qui
969 1327 1009 1352 se

154 1388 343 1436 Bebrycia
362 1388 519 1424 veniens
540 1387 676 1436 Amyci
698 1386 747 1424 de
768 1392 883 1435 gente
906 1384 1062 1429 ferebat,

152 1454 327 1503 perculit,
350 1460 388 1490 et
408 1453 508 1489 fulva
527 1451 802 1490 moribundum
825 1450 997 1488 extendit
1019 1464 1144 1489 arena.

152 1520 255 1557 Talis
271 1519 395 1568 prima
416 1520 538 1556 Dares
559 1525 676 1568 caput
696 1519 813 1555 altum
836 1519 873 1555 in
893 1519 1037 1567 proelia
1058 1519 1164 1562 tollit,

153 1586 401 1633 ostenditque
436 1594 589 1620 umeros
623 1582 733 1627 latos,
757 1584 978 1632 alternaque
1001 1584 1114 1621 iactat

155 1650 310 1688 brachia
330 1649 581 1698 protendens,
604 1656 642 1686 et
662 1650 836 1687 verberat
857 1650 994 1687 ictibus
1018 1662 1140 1687 auraS.

157 1715 361 1763 Quaeritur
381 1714 470 1751 huic
492 1714 586 1751 alius
603 1728 612 1760 ;
644 1726 716 1751 nec
739 1715 941 1763 quisquam
963 1727 1009 1751 ex
1031 1715 1182 1763 agmine
1203 1720 1310 1750 tanto

156 1779 274 1817 audet
295 1778 399 1815 adire
420 1780 540 1815 virum
562 1779 818 1827 manibusque
839 1779 1022 1816 inducere
1045 1787 1206 1816 caestus.

159 1846 261 1893 Ergo
283 1844 427 1889 alacris,
451 1850 690 1892 cunctosque
712 1850 851 1891 putans
873 1844 1063 1881 excedere
1086 1845 1224 1892 palma,

159 1912 313 1946 Aeneae
335 1909 436 1945 stetit
458 1915 544 1945 ante
566 1908 699 1957 pedes,
722 1921 795 1945 nec
816 1909 923 1957 plura
943 1915 1110 1946 moratus

158 1982 238 2012 tum
260 1975 367 2011 laeva
386 1980 536 2011 taurum
558 1985 678 2010 cornu
700 1980 818 2019 tenet,
841 1981 955 2022 atque
976 1975 1028 2011 ita
1048 1975 1168 2011 fatur:

160 2043 167 2058 ‘
185 2040 285 2076 Nate
307 2038 392 2084 dea,
414 2038 442 2075 si
465 2051 582 2075 nemo
603 2037 720 2075 audet
743 2051 782 2075 se
806 2038 964 2075 credere
985 2051 1150 2088 pugnae,

160 2116 259 2152 quae
279 2103 363 2140 finis
385 2102 539 2140 standi?
596 2103 685 2150 Quo
708 2114 769 2139 me
791 2102 906 2139 decet
927 2115 1048 2151 usque
1069 2104 1218 2141 teneri?

163 2170 316 2206 Ducere
338 2168 443 2205 dona
463 2168 577 2205 iube.’
636 2168 775 2205 Cuncti
797 2168 908 2204 simul
928 2181 993 2205 ore
1014 2169 1230 2206 fremebant

164 2232 424 2278 Dardanidae,
446 2232 635 2280 reddique
656 2233 735 2269 viro
757 2233 944 2280 promissa
964 2233 1157 2271 iubebant.

218 2298 297 2334 Hic
317 2298 438 2346 gravis
462 2297 654 2334 Entellum
676 2297 788 2334 dictis
809 2298 968 2346 castigat
988 2301 1159 2343 Acestes,

165 2363 360 2411 proximus
380 2369 421 2400 ut
440 2362 627 2399 viridante
649 2368 733 2399 toro
755 2362 985 2399 consederat
1008 2363 1147 2400 herbae
1167 2378 1173 2399 :

168 2428 176 2444 ⁴
192 2426 355 2472 Entelle,
376 2426 537 2463 heroum
558 2425 756 2474 quondam
778 2427 981 2463 fortissime
1003 2428 1146 2471 frustra,

395 2510 439 2530 359
455 2514 544 2539 artes.
570 2512 609 2539 H.
816 2511 857 2531 86⁴
873 2511 1017 2539 braschiiz
1041 2512 1117 2547 (and
1135 2511 1277 2547 always).
1302 2512 1338 2540 R.

1476 162 1555 204 139

1499 531 1557 568 360

1501 856 1556 892 365

1498 1187 1556 1216 370

1504 1522 1559 1550 375

1509 1841 1565 1877 380

1511 2165 1565 2201 385
