1690 2734
154 187 211 228 90
465 190 528 219 ΙΙΙ.
563 179 649 219 lee
684 181 950 234 Wanderz'ng
978 183 1032 233 of
1053 182 1237 221 AEneas.

154 300 350 338 Cedamus
373 300 544 347 Phoebo,
568 308 605 338 et
625 303 760 339 moniti
781 303 940 340 meliora
960 305 1190 351 sequamur.'

153 366 214 402 Sic
234 366 296 410 ait,
319 372 357 402 et
378 366 508 402 cuncti
530 366 635 403 dieto
656 379 836 415 paremus
858 374 1029 405 ovantes.

155 431 270 467 Hanc
292 443 447 479 quoque
470 431 683 469 deserimus
704 433 852 479 sedem,
875 434 1086 482 paucisque
1107 435 1246 471 relictis

152 496 234 532 vela
254 496 403 542 damus,
424 504 652 544 vastumque
674 510 768 534 cava
788 499 894 535 trabe
918 499 1101 536 currimus
1124 511 1278 547 aequor.

206 562 415 609 Postquam
436 562 554 598 altum
577 569 734 599 tenuere
757 570 868 609 rates,
892 575 967 600 nec
988 564 1065 600 iam
1085 564 1248 612 amplius
1270 564 1366 601 ullae

150 626 337 674 adparent
358 634 492 672 terrae,
515 628 665 664 caelum
689 627 859 676 undique
883 635 920 665 et
941 628 1112 677 undique
1134 636 1287 677 pontus,

150 698 230 728 tum
251 692 343 728 mihi
365 692 563 729 caeruleus
585 705 699 741 supra
722 700 838 741 caput
859 693 1004 730 adstitit
1024 694 1158 739 imber,

150 764 306 793 noctem
328 757 575 806 hiememque
596 759 733 804 ferens,
758 766 796 795 et
818 759 1004 796 inhorruit
1023 759 1125 796 unda
1147 760 1325 797 tenebris.

150 822 347 860 Continuo
369 824 471 860 venti
492 825 649 861 volvunt
671 838 787 870 mare,
813 838 1030 874 magnaque
1052 833 1208 874 surgunt

149 899 341 934 aequora3
372 888 533 936 dispersi
554 890 741 927 iactamur
762 892 908 939 gurgite
932 898 1038 928 vasto
1055 905 1064 937 3

148 952 339 989 involvere
362 953 466 990 diem
487 954 619 1000 nimbi,
643 962 681 991 et
701 969 779 992 nox
802 956 935 993 umida
957 957 1108 993 caelum

147 1017 326 1064 abstulit3
358 1018 598 1066 ingeminant
619 1021 788 1068 abruptis
813 1022 977 1058 nubibus
1001 1022 1120 1070 ignes.

149 1082 374 1119 Excutimur
395 1095 519 1129 cursu,
542 1092 579 1121 et
599 1086 725 1122 caecis
748 1098 915 1122 erramus
937 1087 974 1122 in
995 1087 1119 1123 undis.

148 1148 236 1195 Ipse
258 1147 362 1184 diem
384 1155 620 1197 noctemque
643 1159 757 1198 negat
779 1151 997 1187 discernere
1020 1152 1141 1197 caelo,

146 1224 218 1248 nec
240 1214 461 1250 meminisse
482 1215 565 1251 viae
587 1215 716 1251 media
739 1217 935 1252 Palinurus
956 1218 994 1253 in
1016 1216 1131 1254 unda.

145 1277 230 1313 Tris
251 1277 351 1314 adeo
373 1279 539 1316 incertos
562 1293 680 1316 caeca
703 1281 865 1329 caligine
889 1282 988 1318 soles

145 1354 313 1379 erramus
334 1344 485 1392 pelago,
508 1345 672 1382 totidem
694 1347 776 1382 sine
799 1346 922 1382 sidere
945 1354 1091 1384 noctes.

146 1407 292 1454 Quarto
313 1415 411 1444 terra
431 1408 494 1445 die
518 1411 684 1458 primum
706 1424 745 1447 se
769 1411 939 1448 attollere
963 1412 1119 1448 tandem

143 1473 233 1517 visa,
256 1474 404 1521 aperire
426 1475 558 1522 procul
580 1477 732 1521 montis,
755 1489 799 1512 ac
822 1477 973 1513 volvere
995 1477 1153 1514 fumum.

144 1538 237 1573 Vela
259 1538 414 1583 cadunt,
436 1540 550 1576 remis
572 1541 800 1589 insurgimus
819 1555 828 1587 3
861 1541 965 1578 haud
987 1555 1104 1585 mora,
1127 1550 1266 1579 nautae

143 1601 272 1638 adnixi
294 1611 474 1651 torquent
496 1617 650 1652 spumas
673 1613 711 1642 et
733 1607 885 1643 caerula
906 1614 1070 1643 verrunt.

197 1667 393 1704 Servatum
415 1680 462 1704 ex
482 1669 596 1706 undis
618 1671 877 1718 Strophadum
901 1684 964 1708 me
985 1672 1093 1708 litora
1113 1673 1280 1720 primum

142 1732 362 1780 accipiunt;
394 1734 629 1782 Strophades
652 1736 770 1772 Graio
794 1744 894 1773 stant
916 1737 1072 1773 nomine
1093 1737 1232 1783 dictae,

141 1797 284 1833 insulae
308 1797 420 1834 Ionio
441 1799 478 1835 in
500 1812 655 1848 magno,
679 1813 773 1848 quas
796 1801 877 1837 dira
898 1802 1070 1839 Celaeno

143 1863 416 1911 Harpyiaeque
438 1864 570 1901 colunt
591 1865 702 1909 aliae,
724 1866 883 1903 Phineia
903 1874 1110 1915 postquam

141 1927 268 1963 clausa
289 1927 440 1974 domus,
463 1941 695 1978 mensasque
719 1938 824 1967 metu
845 1932 988 1979 liquere
1009 1933 1166 1980 priores.

139 1992 298 2028 Tristius
320 1992 422 2029 haud
444 1993 513 2030 illis
537 2003 764 2041 monstrum,
787 2009 861 2032 nec
882 1997 1031 2033 saevior
1050 1997 1125 2033 ulla

140 2057 255 2103 pestis
277 2064 314 2093 et
335 2058 389 2094 ira
409 2058 528 2095 deum
553 2060 688 2108 Stygiis
711 2073 794 2097 sese
816 2062 948 2098 extulit
969 2061 1094 2098 undis.

139 2121 307 2169 Virginei
328 2123 528 2160 volucrum
550 2125 686 2169 voltus,
709 2125 933 2162 foedissima
952 2127 1092 2162 ventris

139 2186 340 2233 proluvies,
363 2201 566 2238 uncaeque
589 2203 736 2235 manus,
759 2198 796 2227 et
817 2190 961 2239 pallida
981 2203 1134 2240 semper

139 2263 204 2287 ora
224 2252 336 2289 fame.

194 2317 285 2352 Huc
307 2318 372 2355 ubi
394 2319 510 2356 delati
531 2327 662 2368 portus
683 2321 916 2366 intravimus,
939 2334 1032 2358 ecce

138 2382 236 2418 laeta
256 2383 376 2420 boum
398 2385 539 2432 passim
561 2386 707 2433 campis
729 2394 902 2422 armenta
922 2386 1109 2432 videmus,

138 2448 466 2496 caprigenumque
488 2461 607 2497 pecus
628 2450 731 2486 nullo
753 2450 916 2486 custode
937 2463 1006 2499 per
1026 2451 1173 2488 herbas.

139 2513 330 2549 Inruimus
352 2514 461 2558 ferro,
484 2522 521 2549 et
543 2514 651 2550 divos
673 2515 876 2563 ipsumque
897 2528 1081 2552 vocamus

1394 189 1552 228 [AENEID.

1500 442 1554 470 190

1499 769 1551 797 195

1494 1096 1551 1115 200

1489 1420 1546 1449 205

1490 1746 1545 1765 210

1488 2071 1542 2099 215

1484 2396 1539 2414 220
