1690 2734
90 161 138 199 18
580 159 793 199 Pastoral
818 160 985 200 Poems.

84 280 271 317 Dictaeae
292 280 498 329 nymphae,
519 292 722 317 nemorum
743 280 819 316 iam
840 280 1006 317 claudite
1031 281 1159 328 saltus,

83 345 114 381 si
133 357 209 393 qua
228 346 323 382 forte
345 346 466 382 ferant
487 345 606 382 oculis
628 357 712 381 sese
734 345 848 381 obvia
866 346 1005 382 nostris

84 410 298 447 errabunda
317 410 424 447 bovis
444 410 626 458 vestigia3
658 410 814 446 forsitan
834 410 950 455 illum⁷

83 481 146 511 aut
166 475 285 512 herba
305 482 462 523 captum
482 475 603 520 viridi,
626 481 690 511 aut
711 481 884 511 armenta
904 482 1091 521 secutum,

82 539 298 587 perducant
319 540 466 588 aliquae
488 540 636 576 stabula
657 539 706 576 ad
729 540 916 588 Gortynia
936 553 1091 578 vaccae.

135 605 235 641 Tum
257 605 359 641 canit
381 604 645 653 Hesperidum
667 605 840 641 miratam
861 605 960 641 mala
979 605 1171 653 puellam3

83 675 163 706 tum
186 670 510 707 Phaethontiades
531 682 666 707 musco
689 670 902 707 circumdat
923 683 1053 707 amaro

82 735 247 780 corticis,
270 742 383 783 atque
405 736 487 772 solo
509 747 689 783 proceras
711 735 819 783 erigit
840 735 960 772 alnos.

135 800 236 836 Tum
257 800 371 845 canit⁷
393 807 583 836 errantem
606 801 791 836 Permessi
813 799 863 836 ad
885 800 1039 837 fiumina
1061 800 1214 838 Gallum

82 866 212 901 Aonas
234 866 271 901 in
292 865 433 902 montis
454 872 493 901 ut
514 864 663 901 duxerit
685 877 761 901 una
781 877 966 911 sororum,

82 936 199 978 utque
220 931 299 967 viro
323 930 470 967 Phoebi
491 929 629 966 chorus
650 929 905 966 adsurrexerit
926 930 1049 967 omnis
1066 944 1076 977 3

83 1001 123 1031 ut
145 996 261 1031 Linus
282 995 380 1031 haec
401 995 462 1040 illi,
485 994 616 1031 divino
638 995 806 1031 carmine
828 1001 968 1043 pastor,

83 1059 237 1096 floribus
258 1067 372 1108 atque
393 1060 482 1108 apio
503 1060 616 1096 crinis
637 1067 792 1096 ornatus
813 1072 954 1105 amaro,

84 1124 221 1161 dixerit
238 1140 244 1161 :
278 1127 286 1143 ‘
303 1126 389 1161 Hos
410 1125 478 1161 tibi
499 1124 592 1161 dant
612 1125 792 1170 calamos,
815 1137 863 1161 en
884 1125 1032 1173 accipe,
1056 1125 1205 1170 Musae,

83 1191 251 1226 Ascraeo
273 1203 369 1238 quos
390 1197 478 1226 ante
499 1190 593 1235 seni,
616 1190 752 1237 quibus
774 1190 833 1226 ille
855 1190 1003 1226 solebat

85 1255 280 1291 cantando
301 1255 440 1303 rigidas
462 1254 657 1291 deducere
679 1255 872 1291 montibus
894 1267 1035 1291 ornos:

84 1319 142 1356 his
163 1320 230 1356 tibi
251 1320 393 1368 Grynei
414 1320 581 1356 nemoris
603 1319 752 1355 dicatur
772 1320 891 1368 origo,

84 1397 133 1421 ne
154 1385 237 1433 quis
259 1385 305 1421 sit
324 1385 443 1430 lucus,
466 1397 542 1432 quo
564 1397 602 1421 se
625 1385 707 1432 plus
729 1384 844 1421 iactet
864 1385 1028 1432 Apollo.'

140 1450 244 1497 Quid
265 1450 398 1498 loquar
417 1457 481 1486 aut
502 1450 665 1498 Scyllam
687 1449 782 1495 Nisi,
805 1462 920 1497 quam
940 1450 1041 1486 fama
1061 1455 1194 1486 secuta
1213 1456 1270 1486 est

86 1514 254 1551 candida
274 1515 511 1551 succinctam
531 1514 752 1550 latrantibus
773 1514 929 1561 inguina
948 1514 1126 1550 monstris

87 1580 284 1616 Dulichias
306 1591 462 1615 vexasse
484 1586 594 1624 rates,
617 1586 654 1615 et
674 1579 820 1627 gurgite
842 1579 879 1614 in
901 1579 977 1615 alto

86 1645 146 1690 ah,
169 1644 324 1681 timidos
345 1652 478 1680 nautas
500 1644 658 1680 canibus
678 1644 864 1680 lacerasse
886 1644 1051 1689 marinis,

87 1717 151 1746 aut
172 1717 210 1746 ut
231 1717 396 1746 mutatos
417 1710 530 1746 Terei
551 1709 756 1745 narraverit
779 1716 879 1745 artus
895 1722 905 1754 3

88 1788 180 1823 quas
202 1776 251 1811 illi
275 1775 485 1811 Philomela
505 1774 638 1822 dapes,
662 1786 759 1822 quae
781 1773 886 1810 dona
905 1773 1055 1821 pararit,

88 1852 164 1888 quo
188 1853 296 1876 cursu
318 1839 470 1876 deserta
489 1839 675 1887 petiverit,
699 1845 736 1875 et
756 1839 892 1886 quibus
913 1844 1001 1874 ante

88 1905 218 1940 infelix
238 1917 306 1940 sua
326 1912 428 1940 tecta
449 1904 776 1952 supervolitaverit
796 1904 862 1939 alis
875 1904 892 1939 ?

144 1970 296 2013 Omnia,
318 1982 427 2017 quae,
451 1970 610 2006 Phoebo
632 1968 830 2016 quondam
851 1967 1076 2012 meditante,
1098 1967 1231 2003 beatus

89 2034 208 2070 audiit
232 2035 404 2078 Eurotas,
429 2034 609 2081 iussitque
632 2033 804 2069 ediscere
826 2033 962 2077 laurus,

90 2100 150 2135 ille
172 2100 274 2135 canit
292 2113 297 2135 :
332 2099 461 2147 pulsae
483 2099 648 2134 referunt
669 2097 718 2134 ad
739 2097 865 2133 sidera
884 2097 1026 2142 valles3

91 2176 229 2211 cogere
252 2163 379 2199 donec
400 2164 480 2199 ovis
501 2163 656 2199 stabulis
677 2173 956 2209 munerumque
978 2161 1105 2197 referri

92 2229 208 2273 iussit,
231 2235 268 2264 et
289 2228 406 2264 invito
427 2228 615 2275 processit
634 2229 784 2275 Vesper
805 2227 986 2274 Olympo.

1334 164 1482 205 [Bucor.

1446 1213 1483 1240 70

1447 1519 1483 1549 75

169 2355 198 2376 56
212 2357 371 2392 nemphae.
396 2356 430 2384 R.
510 2354 538 2375 62
554 2355 826 2383 Phaethontiadas.
867 2363 1003 2381 amarae.
1083 2352 1111 2372 74
1127 2356 1171 2379 est
1184 2353 1324 2380 omitted.
1347 2353 1383 2380 R.

169 2404 198 2426 58
212 2405 370 2443 jin-sitam.
394 2405 429 2433 R.
873 2401 925 2441 [R.
1084 2401 1110 2421 ΒΟ
1126 2401 1197 2430 alte.
1220 2401 1257 2429 R.
