1690 2734
109 138 189 168 ECL.
213 136 270 177 V.]
709 131 922 183 Daphnis.

107 254 179 291 sub
198 253 441 303 pedibusque
462 253 567 290 videt
587 254 709 290 nubes
731 260 769 290 et
788 253 914 290 sidera
936 254 1125 302 Daphnis.

109 319 211 367 Ergo
232 319 364 355 alacris
386 319 496 356 silvas
518 324 554 355 et
576 324 705 354 cetera
724 331 810 354 rura
829 319 1005 366 voluptas

108 384 289 432 Panaque
310 390 560 432 pastoresque
582 390 698 428 tenet,
723 382 976 432 Dryadasque
998 384 1143 432 puellas
1159 397 1169 430 ς

106 461 180 485 nec
201 448 311 496 lupus
334 448 488 485 insidias
509 449 653 497 pecori,
675 460 748 484 nec
770 449 864 484 retia
884 449 1004 484 cervis

106 513 181 549 ulla
201 512 334 549 dolum
356 513 590 550 meditantur
607 527 613 549 :
647 520 749 549 amat
769 513 894 549 bonus
915 513 994 549 otia
1015 513 1202 561 Daphnis.

106 578 186 626 Ipsi
207 578 350 614 laetitia
369 590 485 615 voces
506 577 556 614 ad
576 577 702 614 sidera
721 579 863 614 iactant

106 643 247 679 intonsi
269 649 420 679 montes
438 657 447 689 3
478 643 583 691 ipsae
605 643 680 679 iam
702 643 872 679 carmina
892 656 1018 691 rupes,

105 708 189 756 ipsa
209 714 347 744 sonant
367 708 521 745 arbusta
538 723 544 744 :
576 708 699 753 Deus,
722 709 813 743 deus
833 709 905 753 ille,
927 708 1114 744 Menalca
1130 713 1148 744 !

160 773 216 810 Sis
236 773 361 810 bonus
383 773 418 811 O
440 773 606 821 felixque
626 773 700 809 tuis
720 774 726 809 1
776 773 837 809 En
858 779 1039 821 quattuor
1058 785 1139 809 aras
1158 787 1164 810 :

106 850 201 874 ecce
223 837 318 875 duas
340 838 420 884 tibi,
444 838 613 886 Daphni,
636 837 731 874 duas
753 838 883 874 altaria
904 837 1077 874 Phoebo.

107 903 254 939 Pocula
272 904 364 940 bina
384 916 486 940 novo
507 903 726 951 spumantia
745 903 843 939 lacte
865 903 1085 951 quotannis,

107 974 350 1016 craterasque
373 968 452 1005 duo
473 975 637 1005 statuam
658 968 726 1005 tibi
747 968 898 1016 pinguis
919 967 1020 1013 olivi,

107 1040 145 1070 et
164 1034 285 1070 multo
306 1034 345 1070 in
365 1034 496 1082 primis
518 1034 681 1070 hilarans
703 1033 879 1070 convivia
900 1032 1069 1078 Baccho,
1084 1055 1137 1059 -

107 1105 194 1136 ante
216 1099 358 1144 focum,
381 1099 411 1135 si
432 1099 546 1148 frigus
568 1099 648 1143 erit,
671 1099 701 1134 si
722 1098 867 1143 messis,
890 1098 929 1134 in
949 1098 1097 1143 umbra,
1111 1120 1164 1124 —

107 1164 195 1200 vina
214 1176 357 1200 novum
380 1163 540 1200 fundam
562 1163 719 1200 calathis
742 1163 890 1200 Ariusia
909 1169 1053 1200 nectar.

109 1228 331 1266 Cantabunt
351 1229 444 1265 mihi
466 1229 678 1265 Damoetas
700 1235 737 1264 et
760 1228 914 1276 Lyctius
935 1229 1072 1276 Aegon
1088 1242 1098 1274 ς

109 1293 276 1330 saltantis
297 1300 441 1342 satyros
463 1293 670 1330 imitabitur
689 1293 983 1341 Alphesiboeus.

163 1359 276 1395 Haec
298 1358 365 1395 tibi
385 1370 538 1406 semper
559 1364 680 1403 erunt,
704 1364 741 1394 et
762 1370 852 1394 cum
873 1358 1061 1394 solemnia
1080 1364 1170 1395 vota

108 1422 316 1460 reddemus
339 1423 542 1471 Nymphis,
565 1430 602 1460 et
623 1436 713 1460 cum
733 1423 977 1460 lustrabimus
998 1436 1120 1471 agros.

109 1489 214 1524 Dum
235 1488 321 1536 iuga
341 1488 482 1524 montis
502 1501 605 1536 aper,
628 1488 761 1524 fluvios
782 1487 877 1524 dum
899 1488 1014 1536 piscis
1035 1488 1191 1533 amabit,

108 1552 279 1601 dumque
300 1553 433 1601 thymo
454 1559 662 1601 pascentur
681 1565 786 1601 apes,
810 1552 904 1589 dum
924 1565 1008 1589 rore
1030 1553 1203 1599 cicadae,

109 1630 261 1666 semper
282 1617 406 1654 honos
426 1630 649 1666 nomenque
670 1625 780 1654 tuum
801 1617 1012 1665 laudesque
1035 1619 1248 1655 manebunt
1263 1632 1274 1665 3

108 1689 150 1719 ut
170 1683 327 1719 Baccho
349 1683 570 1731 Cererique,
591 1683 659 1719 tibi
680 1683 734 1719 sic
754 1689 845 1719 vota
864 1683 1070 1731 quotannis

109 1747 297 1796 agricolae
319 1747 483 1784 facient:
516 1747 718 1784 damnabis
739 1754 779 1784 tu
800 1760 957 1796 quoque
977 1748 1087 1785 votis.

109 1813 194 1849 Mo.
235 1812 345 1859 Quae
366 1813 445 1858 tibi,
468 1824 566 1860 quae
587 1812 652 1848 tali
672 1811 834 1848 reddam
856 1825 926 1860 pro
948 1813 1117 1849 carmine
1140 1813 1271 1850 dona?

111 1878 214 1914 Nam
234 1889 361 1925 neque
383 1889 444 1913 me
466 1884 614 1914 tantum
635 1889 708 1914 ven
727 1877 825 1914 entis
847 1877 975 1914 sibilus
996 1878 1123 1923 austri,

110 1955 182 1979 nec
203 1955 386 1991 percussa
405 1943 534 1979 iuvant
554 1943 671 1979 fluctu
692 1949 770 1979 tam
792 1943 912 1988 litora,
935 1955 1009 1979 nec
1033 1955 1133 1991 quae

110 2020 264 2044 saxosas
286 2008 384 2044 inter
404 2007 613 2044 decurrunt
633 2008 792 2044 flumina
811 2008 942 2045 valles.

109 2073 189 2110 fise.
230 2073 320 2109 Hac
340 2079 377 2109 te
398 2085 469 2110 nos
491 2073 608 2121 fragili
630 2073 862 2110 donabimus
884 2079 972 2109 ante
994 2073 1143 2110 cicuta:

110 2137 208 2174 haec
227 2150 309 2183 nos,
331 2139 561 2174 Formosum
591 2139 767 2186 Corydon
788 2139 957 2175 ardebat
971 2139 1139 2184 Alexim,

111 2202 206 2239 haec
228 2203 367 2239 eadem
388 2203 533 2248 docuit,
562 2203 704 2240 Culum
720 2210 849 2252 pecus,
871 2216 924 2239 an
945 2203 1161 2240 Meliboei?

110 2268 193 2304 Mo.
233 2269 281 2304 At
301 2275 341 2304 tu
362 2280 469 2304 sume
490 2267 648 2316 pedum,
670 2268 790 2317 quod,
812 2281 874 2305 me
897 2281 987 2305 cum
1009 2280 1125 2316 saepe
1147 2275 1311 2317 rogaret,

111 2345 189 2369 non
208 2333 292 2369 tulit
312 2333 520 2381 Antigenes
533 2340 635 2370 —et
656 2340 734 2370 erat
755 2340 834 2370 tum
858 2333 996 2382 dignus
1018 2334 1136 2370 amari
1151 2356 1204 2361 —-

112 2397 320 2434 formosum
341 2397 494 2446 paribus
515 2397 627 2435 nodis
647 2405 763 2446 atque
784 2411 884 2445 aere,
906 2399 1099 2435 Menalca.

189 2483 216 2504 67
233 2484 261 2504 ⁷9
276 2486 456 2521 quodannis.
479 2486 515 2515 R.
607 2485 634 2506 71
650 2495 768 2515 novom.
791 2486 826 2515 R.
919 2485 948 2506 73
963 2489 1093 2515 saturos.
1119 2487 1154 2514 R.
1251 2485 1278 2506 ⁸⁹
1294 2489 1373 2514 tunc.
1398 2487 1433 2514 R.

1459 141 1502 182 15

1470 463 1507 490 60

1471 1122 1508 1149 70

1473 1431 1508 1460 75

1473 1765 1510 1790 80

1469 2421 1506 2448 90
