1690 2734
143 198 191 229 II.
209 198 301 240 491.]
591 192 630 232 T
625 192 677 232 lte
712 192 870 232 Greeks
903 191 1096 232 Prcvail.

145 316 281 354 Evado
301 316 351 354 ad
372 317 511 354 summi
534 317 681 365 fastigia
703 316 890 361 culminis,
913 315 1016 353 unde

142 382 218 418 tela
237 394 351 418 manu
375 369 716 418 misersiactabant
737 381 847 417 inrita
861 381 1012 417 Teucri.

141 447 292 483 Turrim
314 447 351 483 in
371 446 574 494 praecipiti
596 453 759 482 stantem
782 446 1017 493 summisque
1039 445 1110 482 sub
1130 452 1230 482 astra

141 510 323 548 eductam
344 512 466 558 tectis,
489 511 593 548 unde
614 511 739 548 omnis
759 511 876 547 Troia
896 510 1013 547 videri

142 582 180 612 et
202 577 380 612 Danaum
403 576 536 612 solitae
558 588 673 612 naves
695 582 732 612 et
752 575 899 612 Achaia
920 582 1054 620 castra,

141 640 311 688 adgressi
332 640 429 677 ferro
451 640 607 686 circum,
630 653 706 688 qua
726 652 875 677 summa
897 639 1058 677 labantis

141 705 336 753 iupcturas
357 705 524 754 tabulata
545 704 701 751 dabant,
723 704 973 741 convellimus
994 705 1075 740 altis

141 769 309 816 sedibus,
332 770 632 818 impulimusque
650 784 658 815 3
690 782 736 806 ea
756 769 861 818 lapsa
882 776 1041 817 repente
1062 770 1210 805 ruinam

142 846 230 871 cum
252 835 379 871 sonitu
401 834 514 871 trahit
534 841 572 872 et
594 835 772 871 Danaum
794 846 909 882 super
928 834 1083 882 agmina
1102 834 1177 870 late

141 899 274 936 incidit
292 914 298 936 :
331 906 388 936 ast
408 899 469 936 alii
490 900 666 945 subeunt,
689 911 762 936 nec
784 911 885 945 saxa,
908 911 981 935 nec
1003 899 1121 935 ullum

140 963 302 1000 telorum
324 964 469 1001 interea
491 971 614 1001 cessat
634 976 769 1012 genus.

193 1029 434 1066 Vestibulum
455 1036 542 1066 ante
564 1029 690 1077 ipsum
711 1029 912 1077 primoque
935 1029 972 1064 in
993 1029 1122 1065 limine
1147 1029 1307 1077 Pyrrhus

141 1088 313 1139 essultat,
335 1094 418 1131 telis
440 1101 477 1131 et
498 1094 583 1130 luce
606 1106 788 1131 coruscus
809 1094 931 1140 aena3

141 1159 262 1207 qualis
283 1159 346 1196 ubi
369 1159 407 1196 in
428 1159 554 1195 lucem
576 1159 735 1195 coluber
755 1158 854 1195 mala
873 1159 1045 1206 gramina
1065 1165 1195 1206 pastus
1224 1171 1253 1186 »ν

141 1223 275 1271 frigida
296 1224 366 1260 sub
387 1230 483 1260 terra
503 1223 694 1260 tumidum
716 1236 832 1271 quem
853 1223 988 1259 bruma
1007 1223 1174 1271 tegebat,

141 1301 257 1334 nunC,
280 1289 412 1337 positis
433 1301 554 1325 novus
576 1289 719 1325 exuviis
742 1287 962 1336 nitidusque
985 1287 1149 1332 iuventa,

140 1353 286 1390 lubrica
307 1353 500 1390 convolvit
520 1353 668 1390 sublato
685 1359 844 1401 pectore
865 1359 971 1401 terga

140 1417 280 1454 arduus
301 1417 350 1454 ad
371 1418 504 1463 solem,
527 1424 563 1454 et
583 1417 721 1466 linguis
742 1417 859 1454 micat
880 1430 945 1454 ore
966 1418 1139 1455 trisulcis.

140 1483 230 1523 Una
250 1483 383 1531 ingens
406 1482 587 1531 Periphas
609 1489 646 1518 et
667 1494 853 1530 equorum
874 1483 1036 1530 agitator
1055 1483 1223 1528 Achillis,

140 1547 302 1595 armiger
322 1546 583 1593 Automedon,
605 1560 681 1584 una
701 1547 826 1583 omnis
847 1547 977 1596 Scyria
996 1548 1118 1596 pubes

140 1611 356 1649 succedunt
376 1618 492 1658 tecto,
515 1618 553 1648 et
573 1607 744 1648 flammas
765 1611 815 1648 ad
838 1612 1008 1649 culmina
1027 1613 1180 1649 iactant.

141 1677 230 1726 Ipse
251 1677 349 1714 inter
367 1678 511 1726 primos
533 1683 710 1725 correpta
730 1676 826 1713 dura
845 1677 1004 1726 bipenni

139 1742 271 1778 limina
290 1743 512 1791 perrumpit,
534 1742 731 1790 postisque
753 1755 776 1778 a
795 1742 951 1779 cardine
971 1743 1072 1779 vellit

141 1813 290 1843 aeratos
308 1821 317 1853 3
347 1807 500 1855 iamque
523 1807 651 1844 excisa
670 1807 776 1844 trabe
798 1807 906 1844 firma
927 1808 1073 1844 cavavit

140 1872 290 1918 robora,
313 1878 350 1909 et
372 1872 567 1920 ingentem
587 1872 664 1908 lato
686 1871 795 1908 dedit
816 1884 880 1909 ore
901 1873 1118 1910 fenestram,

141 1936 312 1985 Adparet
335 1936 473 1974 domus
495 1937 606 1983 intus,
630 1943 667 1973 et
687 1937 781 1973 atria
800 1937 915 1985 longa
935 1945 1164 1986 patescunt;

141 2001 327 2051 adparent
349 2001 486 2038 Priami
508 2008 545 2038 et
565 2008 737 2038 veterum
759 2003 969 2050 penetralia
989 2015 1134 2051 regum,

141 2073 385 2115 armatosque
406 2066 538 2103 vident
560 2067 693 2103 stantis
714 2067 751 2103 in
774 2067 902 2104 limine
925 2068 1062 2116 primo.

157 2118 172 2131 ⁹
196 2134 244 2168 At
265 2131 405 2169 domus
426 2132 581 2169 interior
601 2132 745 2180 gemitu
767 2132 984 2181 miseroque
1005 2134 1168 2170 tumultu

141 2197 334 2243 miscetur,
355 2197 585 2246 penitusque
608 2209 725 2233 cavae
747 2197 992 2245 plangoribus
1013 2198 1129 2234 aedes

141 2263 315 2299 femineis
336 2263 479 2300 ululant
498 2277 506 2310 5
537 2264 621 2300 ferit
642 2276 756 2300 aurea
778 2263 904 2300 sidera
924 2263 1080 2300 clamor.

141 2327 242 2363 Tum
265 2328 426 2376 pavidae
447 2329 558 2365 tectis
580 2336 719 2366 matres
742 2329 960 2378 ingentibus
984 2335 1119 2373 errant,

143 2393 421 2442 amplexaeque
442 2401 575 2431 tenent
595 2395 714 2443 postis
736 2401 850 2443 atque
872 2395 1003 2431 oscula
1025 2394 1155 2442 figunt.

146 2457 266 2494 Instat
285 2458 320 2495 vi
341 2459 461 2507 patria
483 2459 644 2506 Pyrrhus
661 2473 670 2506 3
701 2471 774 2496 nec
796 2459 968 2505 claustra,
991 2471 1117 2507 neque
1139 2459 1208 2506 ipsi

448 2543 494 2566 4⁶²
510 2545 657 2574 .·1c}za1ca.
682 2546 716 2574 R.
1001 2544 1046 2565 465
1061 2545 1172 2581 elapsa.
1197 2545 1232 2573 R.

1487 203 1537 244 73

1486 445 1543 479 460

1484 769 1539 804 465

1484 1101 1541 1127 470

1482 1424 1539 1452 475

1484 1743 1541 1777 480

1484 2068 1540 2104 485

1483 2399 1540 2426 490
