1690 2734
128 186 185 236 64
566 198 609 226 ΙΙ.
644 185 730 224 Tlte
758 185 862 224 Fal!
889 186 942 238 of
973 185 1090 238 Troy.

128 314 261 346 noster
281 309 364 354 eris,
386 308 558 356 mihique
581 309 677 345 haec
698 308 869 344 edissere
891 320 980 344 vera
999 309 1147 357 roganti
1166 324 1172 345 :

131 374 221 421 Quo
243 374 385 410 molem
407 374 508 410 hanc
530 373 706 409 immanis
728 373 814 420 equi
837 374 1031 409 statuere?
1088 374 1185 420 Quis
1205 375 1367 410 auctor?

131 438 284 486 Quidve
306 439 471 486 petunt?
528 439 639 485 Quae
660 438 805 485 religio,
829 444 891 473 aut
914 450 1012 485 quae
1035 439 1215 474 machina
1236 439 1374 475 belli?⁷
1400 453 1403 456 ’

132 504 301 540 Dixerat.
361 504 441 548 Ille,
464 503 562 539 dolis
584 503 790 539 instructus
812 510 849 538 et
871 510 948 538 arte
974 503 1140 551 Pelasga,

130 569 278 605 sustulit
299 575 431 604 exutas
453 568 585 604 vinclis
606 567 655 603 ad
677 567 802 603 sidera
823 568 986 615 palmas:

186 634 299 678 ‘Vos,
322 633 465 669 aeterni
487 635 606 681 ignes,
628 639 665 668 et
686 645 765 668 non
787 632 963 669 violabile
985 640 1152 669 vestrum

130 706 248 736 testor
267 699 434 735 numen’
458 698 508 734 ait
531 700 620 734 ‘vos
642 709 728 733 arae
750 710 940 745 ensesque
963 697 1131 743 nefandi,

130 776 227 812 quos
249 764 337 811 fugi,
359 764 552 811 vittaeque
576 762 705 807 deum,
729 775 822 810 quas
846 763 968 799 hostia
988 764 1112 811 gessi:

130 829 184 866 sas
206 829 298 865 mihi
320 829 524 866 Graiorum
545 835 692 864 sacrata
713 828 900 864 resolvere
924 829 1014 873 iura,

131 895 184 931 fas
205 893 334 930 odisse
357 894 467 938 viros,
489 900 604 940 atque
627 893 758 929 omnia
778 893 872 929 ferre
897 893 967 929 sub
988 905 1109 939 auras,

131 960 160 996 si
181 971 257 1007 qua
276 965 409 1007 tegunt
426 972 434 1004 3
466 964 600 994 teneor
620 958 764 1005 patriae
785 969 858 994 nec
880 958 1025 1006 legibus
1046 959 1140 995 ullis.

130 1026 189 1061 Tu
211 1024 331 1061 modo
353 1024 549 1072 promissis
572 1035 739 1067 maneas,
762 1030 984 1071 servataque
1007 1035 1133 1059 serves

130 1090 245 1127 Troia
266 1089 397 1135 fidem,
419 1090 449 1125 si
470 1101 559 1125 vera
579 1089 709 1134 feram,
732 1088 760 1125 si
782 1101 922 1136 magna
941 1088 1168 1136 rependam.

187 1158 195 1174 ‘
210 1155 347 1193 Omnis
369 1167 456 1203 spes
480 1155 659 1191 Danaum
681 1161 717 1190 et
740 1154 868 1202 coepti
890 1147 1031 1190 fiducia
1053 1154 1141 1190 belli

134 1220 296 1258 Palladis
317 1220 462 1256 auxiliis
484 1231 637 1267 semper
657 1219 771 1255 stetit.
832 1219 979 1266 Impius
1001 1231 1047 1255 ex
1068 1231 1145 1266 quo

131 1285 304 1334 Tydides
325 1287 394 1321 sed
416 1285 518 1321 enim
540 1285 808 1332 scelerumque
830 1284 1006 1320 inventor
1028 1284 1170 1330 Ulixes,

132 1351 242 1388 fatale
264 1350 434 1399 adgressi
456 1356 604 1386 sacrato
625 1349 787 1385 avellere
809 1349 955 1396 templo

134 1415 357 1461 Palladium,
381 1416 502 1452 caesis
524 1427 696 1452 summae
720 1414 946 1451 custodibus
967 1414 1075 1459 arcis,

133 1482 350 1530 corripuere
372 1494 521 1518 sacram
543 1480 721 1529 effigiem,
743 1480 996 1527 manibusque
1019 1479 1187 1517 cruentis

132 1548 320 1596 virgineas
337 1548 417 1584 ausi
439 1547 550 1583 divae
574 1546 797 1594 contingere
819 1546 956 1591 vittas,

134 1626 180 1650 ex
201 1613 263 1649 illo
286 1613 400 1649 fluere
422 1625 467 1648 ac
488 1618 591 1648 retro
612 1612 791 1659 sublapsa
810 1611 937 1647 referri

134 1690 222 1727 spes
245 1679 437 1723 Danaum,
460 1677 602 1713 fractae
625 1677 734 1719 vires,
757 1688 888 1712 aversa
908 1675 1004 1711 deae
1026 1687 1147 1712 mens.

136 1744 222 1780 Nec
243 1743 369 1780 dubiis
391 1755 436 1779 ea
456 1743 564 1790 signa
585 1741 693 1778 dedit
714 1742 889 1777 Tritonia
911 1741 1102 1777 monstris.

134 1809 207 1845 Vix
227 1809 396 1856 positum
418 1808 548 1844 castris
570 1807 828 1849 simulacrum,
852 1818 974 1842 arsere
997 1817 1181 1842 coruscae

134 1874 339 1910 luminibus
362 1873 538 1909 flammae
561 1873 728 1916 arrectis,
752 1872 948 1919 salsusque
970 1883 1037 1918 per
1058 1877 1157 1906 artus

135 1938 252 1976 sudor
272 1939 323 1983 iit,
346 1946 479 1986 terque
502 1939 585 1985 ipsa
605 1937 687 1973 solo
703 1936 941 1972 —mirabile
963 1935 1069 1971 dictu
1084 1957 1135 1961 --

136 2004 303 2047 emicuit,
326 2014 575 2051 parmamque
601 2002 724 2038 ferens
746 2001 971 2048 hastamque
994 2006 1235 2036 trementem.

190 2071 198 2086 ‘
216 2068 422 2116 Extemplo
443 2066 671 2115 temptanda
691 2066 779 2114 fuga
800 2066 902 2101 canit
924 2077 1091 2112 aequora
1113 2064 1290 2108 Calchas,

135 2146 208 2170 nec
229 2145 343 2182 posse
366 2133 551 2181 Argolicis
573 2131 747 2168 exscindi
770 2132 955 2178 Pergama
974 2131 1069 2174 telis,

135 2200 266 2235 omina
287 2199 324 2234 ni
346 2204 521 2245 repetant
543 2197 661 2245 Argis,
684 2208 905 2243 numenque
928 2195 1127 2239 reducant,

136 2263 241 2311 quod
263 2263 398 2311 pelago
420 2269 457 2298 et
479 2263 600 2298 curvis
622 2274 755 2298 secum
777 2273 937 2297 avexere
960 2261 1108 2296 carinis.

139 2330 188 2365 Et
208 2340 323 2373 nunC,
340 2327 445 2375 quod
468 2328 606 2375 patrias
627 2333 742 2362 vento
764 2326 908 2374 petiere
933 2327 1131 2373 Mycenas,

138 2405 241 2429 arma
262 2392 436 2440 deosque
458 2399 590 2440 parant
612 2392 785 2436 comites,
807 2391 1022 2439 pelagoque
1044 2400 1222 2425 remenso

137 2457 331 2506 improvisi
354 2456 515 2493 aderunt
534 2471 540 2492 2
572 2456 624 2492 ita
645 2455 781 2503 digerit
803 2457 932 2492 omina
953 2454 1128 2492 Calchas.

711 2541 754 2561 177
770 2542 906 2568 excindi.
928 2541 963 2568 R.

1362 192 1523 233 [AENEm.

1475 381 1528 409 150

1478 706 1528 734 155

1479 1022 1533 1050 160

1480 1347 1532 1384 165

1480 1680 1534 1709 170

1481 2003 1532 2032 175

1481 2319 1534 2346 180
