1690 2734
155 199 235 235 100
423 226 427 230 .
471 206 533 236 111.
567 190 655 235 lee
689 192 955 250 Wandering
982 194 1229 250 ofAEneas.

150 317 243 354 ferte
264 317 364 354 viam
383 323 501 354 vento
521 318 673 354 facilem
695 324 732 355 et
753 319 892 367 spirate
914 319 1101 356 secundi.'

151 382 409 419 Crebrescunt
429 389 583 431 optatae
605 395 731 429 aurae,
747 390 958 432 portusque
978 386 1142 433 patescit

152 446 227 483 iam
247 448 416 496 propior,
439 448 704 496 templumque
726 448 886 497 adparet
905 450 945 486 in
963 462 1051 487 arce
1073 451 1284 489 Minervae.

150 512 247 548 Vela
266 512 397 560 legunt
418 513 524 558 socii,
548 519 586 549 et
607 525 737 562 proras
759 514 809 551 ad
829 515 939 552 litora
959 523 1151 564 torquent.

152 579 286 615 Portus
308 579 355 615 ab
377 590 494 615 euroo
516 578 633 615 fluctu
655 587 831 617 curvatus
852 582 891 617 in
912 594 1041 618 arcum
1058 596 1069 628 3

150 645 327 681 obiectae
349 644 447 680 salsa
471 652 650 692 spumant
672 646 871 694 aspargine
894 654 1025 684 cautes
1040 661 1050 694 ,·

150 712 231 759 ipse
252 711 343 747 latet
360 725 368 756 3
399 710 556 758 gemino
578 710 786 747 demittunt
806 711 988 748 bracchia
1007 725 1115 749 muro

149 776 269 812 turriti
291 776 452 824 scopuli,
477 776 691 824 refugitque
713 777 761 813 ab
781 777 888 813 litore
909 777 1108 825 templum.

151 842 343 889 Quattuor
363 841 437 887 hic,
462 842 627 890 primum
650 854 780 887 omen,
803 854 923 889 equos
945 842 982 877 in
1003 843 1177 889 gramine
1197 842 1276 879 vidi

150 906 346 943 tondentis
369 919 551 955 campum
572 907 658 951 late,
681 906 849 943 candore
871 907 996 954 nivali.

152 974 200 1009 Et
221 979 329 1021 pater
348 972 536 1008 Anchises
554 987 560 1008 :
595 975 603 990 ‘
620 972 780 1017 Bellum,
803 972 838 1009 O
859 978 957 1008 terra
976 972 1140 1021 hospita,
1162 980 1292 1020 portas
1308 987 1317 1019 3

149 1038 249 1075 bello
270 1044 465 1074 armantur
485 1038 585 1085 equi,
608 1037 751 1074 bellum
772 1037 867 1073 haec
889 1044 1061 1073 armenta
1080 1037 1283 1074 minantur.

150 1103 226 1141 Sed
247 1110 377 1139 tamen
398 1102 503 1139 idem
525 1103 615 1139 olim
638 1115 749 1138 curru
770 1101 980 1139 succedere
1001 1103 1098 1139 sueti

150 1168 435 1217 quadrupedes,
458 1175 495 1204 et
515 1168 622 1204 frena
642 1168 731 1215 iugo
752 1166 964 1204 concordia
983 1168 1079 1204 ferre
1095 1181 1106 1214 3

150 1246 237 1282 spes
260 1240 296 1270 et
317 1234 446 1282 pacis'
470 1233 532 1270 ait.
590 1234 691 1269 Tum
713 1233 871 1269 numina
891 1239 1024 1269 sancta
1043 1244 1245 1281 precamur

150 1298 313 1336 Palladis
335 1299 561 1344 armisonae,
584 1310 682 1346 quae
704 1298 826 1346 prima
845 1298 999 1346 accepit
1019 1298 1178 1343 ovantis,

151 1371 189 1401 et
209 1364 337 1412 capita
357 1371 445 1400 ante
467 1376 548 1399 aras
573 1363 737 1411 Phrygio
758 1363 929 1399 velamur
948 1363 1091 1399 amictu
1106 1377 1117 1408 3

150 1429 444 1477 praeceptisque
470 1428 623 1474 Heleni,
647 1427 808 1464 dederat
829 1440 927 1476 quae
949 1428 1128 1473 maxima,
1149 1428 1219 1464 rite

152 1494 292 1530 Iunoni
314 1493 479 1542 Argivae
500 1494 622 1529 iussos
644 1492 843 1529 adolemus
865 1493 1044 1530 honores.

206 1558 327 1595 Haud
348 1571 467 1603 mora,
491 1558 678 1595 continuo
700 1558 879 1606 perfectis
901 1557 1035 1594 ordine
1057 1558 1165 1603 votis,

151 1636 296 1660 cornua
314 1608 526 1660 'velatarum
548 1623 783 1659 obvertimus
804 1630 1070 1668 antennarum,

151 1689 492 1737 Graiugenumque
515 1687 654 1724 domos
675 1695 932 1737 suspectaque
952 1689 1159 1737 linquimus
1179 1700 1278 1724 arva.

152 1745 259 1790 Hinc
280 1754 384 1791 sinus
408 1754 593 1790 Herculei
621 1754 671 1802 (si
692 1766 781 1790 vera
802 1760 858 1790 est
879 1754 1000 1801 fama)
1027 1753 1182 1790 Tarenti

108 1833 110 1836 ’
151 1819 318 1855 cernitur
333 1833 343 1866 3
373 1819 509 1855 attollit
529 1831 568 1855 se
591 1818 679 1855 diva
701 1819 859 1855 Lacinia
878 1825 1023 1864 contra,

152 1884 413 1932 Caulonisque
435 1896 542 1920 arces
564 1891 601 1920 et
621 1884 857 1932 navifragum
875 1883 1112 1932 Scylaceum.

150 1951 252 1986 Tum
273 1950 408 1998 procul
429 1962 449 1986 e
471 1949 588 1986 fluctu
611 1949 808 1986 Trinacria
829 1949 995 1985 cernitur
1015 1950 1150 1993 Aetna,

151 2021 189 2051 et
209 2015 395 2063 gemitum
416 2015 613 2063 ingentem
635 2015 759 2062 pelagi
780 2015 1006 2062 pulsataque
1027 2026 1119 2050 saxa

151 2079 328 2116 audimus
351 2081 464 2128 longe
486 2080 699 2128 fractasque
722 2079 771 2116 ad
793 2079 902 2116 litora
922 2091 1049 2124 voces,

152 2145 418 2193 exsultantque
439 2145 550 2191 vada,
573 2153 688 2193 atque
711 2152 818 2181 aestu
839 2145 1048 2181 miscentur
1068 2156 1218 2181 arenae.

153 2211 202 2246 Et
222 2217 329 2258 pater
350 2211 537 2247 Anchises
555 2226 561 2247 z
595 2213 605 2229 ‘
620 2211 810 2247 Nimirum
830 2210 927 2247 haec
949 2210 1010 2246 illa
1030 2208 1244 2258 Charybdis
1262 2223 1268 2245 :

152 2275 221 2311 hos
246 2275 421 2311 Helenus
443 2276 636 2323 scopulos,
659 2276 756 2312 haec
777 2288 868 2312 saxa
889 2274 1082 2312 horrenda
1102 2274 1277 2311 canebat.

153 2340 312 2387 Eripite,
336 2340 371 2377 O
393 2341 498 2385 socii,
522 2341 738 2389 pariterque
762 2341 942 2389 insurgite
964 2340 1077 2376 remis
1097 2341 1127 2377 1'

207 2404 327 2441 Haud
349 2405 474 2441 minus
495 2417 540 2441 ac
562 2405 650 2441 iussi
672 2405 828 2450 faciunt,
852 2405 1073 2453 primusque
1094 2403 1300 2440 rudentem

153 2469 337 2506 contorsit
356 2469 482 2506 laevas
502 2481 655 2517 proram
679 2469 874 2506 Palinurus
896 2469 946 2506 ad
966 2469 1088 2506 undas
1107 2484 1114 2506 :

707 2554 750 2575 535
765 2556 933 2583 dimittunt.
957 2555 993 2583 R.

1387 202 1547 245 [AENEID.

1492 394 1550 424 530

1494 719 1549 749 535

1495 1044 1551 1072 540

1493 1368 1550 1398 545

1494 1693 1551 1723 550

1496 2020 1551 2049 555
