1690 2734
158 192 212 230 44
520 192 544 220 1.
588 180 675 220 Tlae
706 181 920 236 Landz'ng
951 184 996 223 z'n
1030 184 1198 237 Africa.

209 303 284 341 Olli
305 303 506 340 subridens
528 303 729 341 hominum
750 311 852 342 sator
872 313 987 354 atque
1009 306 1183 354 deorum,

155 367 270 413 voltu,
292 381 370 417 quo
392 369 542 405 caelum
564 376 892 418 tempestatesque
916 378 1079 418 serenat,

148 433 286 469 oscula
305 433 434 470 libavit
454 440 579 479 natae,
603 433 746 471 dehinc
767 435 857 471 talia
878 436 998 473 fatur:

155 500 164 516 ‘
183 499 301 534 Parce
322 505 441 544 metu,
464 499 656 547 Cytherea
673 514 678 536 :
712 507 872 537 manent
895 501 1056 538 immota
1076 508 1230 539 tuorum

153 563 229 599 fata
248 563 315 599 tibi
331 577 341 609 ,-
374 575 508 600 cernes
529 565 664 601 urbem
686 571 724 601 et
746 566 934 613 promissa
956 566 1089 603 Lavini

154 628 319 673 moenia,
343 628 624 677 sublimemque
646 630 742 666 feres
763 629 814 666 ad
834 630 960 667 sidera
980 632 1077 668 caeli

153 694 443 741 magnanimum
465 695 625 731 Aenean
642 709 651 740 3
683 707 809 743 neque
831 708 893 732 me
916 697 1105 733 sententia
1124 698 1246 734 vertit.

156 758 232 794 Hic
255 758 322 795 tibi
350 758 477 807 (fabor
497 759 611 804 enim,
635 759 793 807 quando
815 760 911 796 haec
933 767 969 797 te
992 774 1082 797 cura
1101 762 1309 809 remordet,

153 823 301 871 longius
324 830 361 859 et
381 824 537 860 volvens
558 824 722 861 fatorum
743 837 884 861 arcana
903 826 1091 875 movebo)

152 888 294 925 bellum
315 889 450 937 ingens
469 897 576 937 geret
599 890 719 935 Italia,
742 891 986 939 populosque
1008 892 1158 928 feroces

153 953 379 999 contundet,
402 967 607 1002 moresque
629 955 715 991 viris
737 962 775 991 et
795 956 950 992 moenia
971 964 1103 1004 ponet,

151 1019 261 1055 tertia
281 1018 374 1055 dum
397 1019 506 1055 Latio
526 1026 752 1067 regnantem
773 1019 909 1056 viderit
929 1028 1065 1067 aestas,

150 1090 335 1132 ternaque
356 1085 571 1120 transierint
593 1085 743 1121 Rutulis
766 1085 926 1122 hiberna
946 1087 1125 1123 subactis.

151 1150 199 1185 At
220 1161 315 1197 puer
336 1149 535 1194 Ascanius,
559 1150 620 1186 cui
640 1162 744 1186 nunc
766 1162 987 1198 cognomen
1010 1151 1095 1187 Iulo

150 1213 314 1259 additur,
330 1236 381 1240 —-
399 1215 475 1251 Ilus
497 1221 588 1259 erat,
611 1214 705 1251 dum
726 1228 784 1251 res
807 1215 910 1251 stetit
932 1216 1001 1252 Ilia
1020 1228 1152 1264 regno,
1168 1238 1222 1243 —

150 1279 301 1326 triginta
322 1292 480 1327 magnos
501 1279 700 1316 volvendis
722 1281 917 1317 mensibus
939 1281 1040 1317 orbis

150 1343 312 1391 imperio
333 1344 513 1391 explebit,
535 1356 775 1392 regnumque
797 1345 845 1381 ab
866 1344 959 1380 sede
982 1345 1115 1381 Lavini

149 1409 360 1453 transferet,
383 1415 421 1445 et
441 1409 596 1456 longam
619 1410 739 1445 multa
758 1409 793 1445 vi
815 1410 961 1446 muniet
982 1410 1131 1447 Albam.

151 1474 230 1509 Hic
251 1474 327 1510 iam
348 1480 406 1510 ter
426 1481 582 1510 centum
603 1481 704 1510 totos
725 1475 945 1522 regnabitur
964 1487 1086 1512 annos

149 1545 263 1587 gente
285 1539 355 1575 sub
378 1540 588 1584 Hectorea,
612 1539 739 1575 donec
761 1540 891 1588 regina
912 1539 1105 1585 sacerdos,

149 1605 275 1640 Marte
296 1604 429 1652 gravis,
452 1605 645 1652 geminam
668 1612 777 1652 partu
798 1604 903 1641 dabit
927 1604 997 1641 Ilia
1017 1605 1176 1652 prolem.

150 1668 248 1704 Inde
270 1669 382 1716 lupae
404 1669 505 1705 fulvo
529 1670 683 1705 nutricis
706 1670 876 1717 tegmine
898 1669 1016 1706 laetus

150 1734 338 1770 Romulus
360 1734 526 1781 excipiet
547 1740 715 1782 gentem,
738 1741 775 1770 et
799 1735 988 1770 Mavortia
1010 1734 1155 1771 condet

149 1799 314 1843 moenia,
338 1800 615 1847 Romanosque
638 1812 707 1835 suo
729 1799 777 1835 de
799 1799 957 1835 nomine
980 1798 1096 1835 dicet.

150 1864 223 1900 His
245 1876 318 1912 ego
339 1876 412 1900 nec
434 1872 555 1900 metas
576 1877 701 1900 rerum
722 1877 795 1901 nec
818 1871 994 1912 tempora
1013 1876 1120 1912 pono
1139 1877 1146 1907 ;

148 1928 351 1976 imperium
372 1929 452 1965 sine
474 1929 549 1965 fine
571 1929 675 1966 dedi.
736 1929 841 1976 Quin
863 1941 999 1977 aspera
1021 1930 1131 1974 Iuno,

148 2005 246 2041 quae
267 2006 371 2030 mare
393 2007 495 2030 nunc
517 2001 711 2042 terrasque
735 2001 838 2030 metu
862 1994 1090 2041 caelumque
1112 1994 1254 2042 fatigat,

148 2059 307 2095 consilia
327 2059 364 2095 in
386 2060 519 2095 melius
541 2060 688 2104 referet,
713 2071 946 2107 mecumque
969 2059 1111 2095 fovebit

148 2124 347 2160 Romanos
367 2136 493 2160 rerum
514 2124 693 2161 dominos
714 2131 948 2172 gentemque
970 2130 1140 2171 togatam
1158 2138 1164 2160 :

147 2188 201 2224 sic
223 2188 418 2235 placitum.
475 2189 615 2225 Veniet
635 2189 757 2225 lustris
781 2189 996 2226 labentibus
1018 2196 1134 2233 aetas,

148 2265 238 2289 cum
259 2252 398 2289 domus
419 2254 593 2289 Assaraci
616 2254 792 2290 Phthiam
817 2255 1013 2301 clarasque
1038 2255 1227 2302 Mycenas

147 2318 299 2354 servitio
320 2324 481 2365 premet,
503 2330 547 2353 ac
568 2318 676 2354 victis
699 2318 960 2355 dominabitur
982 2319 1102 2366 Argis.

149 2383 340 2419 Nascetur
358 2382 519 2430 pulchra
537 2383 726 2420 Troianus
747 2384 892 2432 origine
915 2384 1069 2429 Caesar,

148 2446 352 2497 imperium
372 2447 544 2492 Oceano,
566 2447 707 2484 famam
729 2448 793 2496 qui
814 2448 993 2486 terminet
1014 2448 1133 2493 astris,
1151 2469 1203 2474 —

453 2532 497 2555 25⁸
513 2533 671 2564 sublimen.
697 2534 733 2563 R.
1041 2532 1086 2553 267
1102 2532 1182 2570 quoi.
1207 2532 1244 2561 R.

1398 192 1558 233 [AENEm.

1504 380 1558 409 255

1502 698 1556 724 260

1502 1025 1554 1058 265

1500 1354 1554 1381 270

1462 1706 1466 1709 ,
1499 1678 1552 1706 275

1497 1994 1553 2020 280

1497 2316 1550 2351 285
