1690 2734
130 101 298 164 ‘V1.84.]
542 116 812 169 Inspz'ratz‘on
845 117 898 168 of
921 116 990 155 tlte
1025 115 1159 165 Sibyl.

153 250 226 275 nec
249 239 407 276 mortale
429 251 582 285 sonans,
604 238 744 275 adflata
765 245 821 275 est
842 238 998 275 numine
1020 236 1176 285 quando

153 303 227 340 iam
248 305 428 353 propiore
450 304 526 341 dei.
586 307 594 322 ‘
609 305 747 342 Cessas
769 304 807 340 in
828 310 916 340 vota
936 314 1161 351 precesque,

151 369 260 406 Tros’
282 369 333 406 ait
355 370 537 406 ‘Aenea?
594 369 761 407 Cessas?
818 368 958 416 Neque
979 367 1082 403 enim
1104 373 1192 404 ante
1213 365 1416 404 dehiscent

153 434 336 471 attonitae
357 446 498 483 magna
518 446 584 470 ora
604 433 768 470 domus.'
829 433 878 469 Et
899 432 985 469 talia
1006 432 1082 468 fata

153 500 350 537 conticuit.
409 499 571 537 Gelidus
591 499 751 536 Teucris
770 510 840 547 per
860 497 955 535 dura
975 497 1141 535 cucurrit

151 577 239 602 ossa
258 571 412 611 tremor,
434 565 637 613 funditque
659 575 795 612 preces
815 576 881 600 rex
900 569 1061 612 pectore
1082 563 1131 600 ab
1151 562 1230 599 imo
1247 576 1255 599 :

205 633 214 649 ‘
231 630 401 676 Phoebe,
423 642 555 679 graves
576 630 715 666 Troiae
738 641 891 677 semper
912 629 1088 665 miserate
1109 627 1271 673 labores,

153 695 336 733 Dardana
356 695 421 744 qui
443 694 586 731 Paridis
608 693 745 731 direxti
765 694 840 730 tela
860 706 1073 742 manusque

151 773 290 810 corpus
311 761 350 798 in
370 759 578 806 Aeacidae,
600 772 758 809 magnas
778 759 962 796 obeuntia
981 766 1097 795 terras

149 833 206 864 tot
227 827 345 864 maria
365 825 499 863 intravi
520 825 621 862 duce
643 832 692 871 te,
714 825 944 873 penitusque
964 831 1136 872 repostas

151 892 364 942 Massylum
386 898 520 941 gentes
541 897 819 940 praetentaque
841 890 1010 939 Syrtibus
1032 903 1132 936 arva,

150 959 226 995 iam
247 957 407 995 tandem
429 957 561 994 Italiae
579 956 757 1005 fugientis
778 955 1002 1005 prendimus
1023 968 1108 993 oras
1124 969 1134 1003 3

149 1024 223 1060 hac
245 1024 410 1061 Troiana
430 1030 540 1060 tenus
562 1023 672 1059 fuerit
695 1023 866 1059 Fortuna
885 1028 1029 1058 secuta.

149 1091 229 1127 Vos
249 1101 406 1138 quoqne
429 1091 664 1137 Pergameae
686 1088 760 1125 iam
782 1088 836 1125 fas
858 1094 915 1125 est
935 1100 1093 1136 parcere
1114 1088 1229 1137 genti,

150 1155 267 1204 dique
289 1155 440 1204 deaque
462 1168 598 1192 omnes
619 1155 756 1203 quibus
778 1155 924 1192 obstitit
946 1154 1058 1191 Ilium
1080 1161 1118 1191 et
1138 1155 1272 1203 ingens

149 1221 267 1270 gloria
289 1221 522 1258 Dardaniae.
580 1222 732 1268 Tuque,
756 1220 791 1257 O
813 1220 1052 1256 sanctissima
1071 1226 1188 1266 vates,

150 1288 323 1336 praescia
342 1287 502 1333 venturi,
524 1287 586 1333 da,
608 1299 687 1323 non
709 1286 881 1323 indebita
902 1299 1024 1335 posco

149 1366 267 1402 regna
287 1354 383 1390 meis
403 1353 499 1398 fatis,
524 1352 633 1389 Latio
655 1351 857 1388 considere
878 1353 1051 1390 Teucros

149 1419 385 1467 errantisque
407 1419 503 1456 deos
524 1419 742 1466 agitataque
764 1417 922 1454 numina
942 1419 1093 1455 Troiae.

148 1486 251 1522 Tum
273 1485 432 1521 Phoebo
454 1491 490 1521 et
510 1484 660 1520 Triviae
683 1482 806 1520 solido
828 1483 878 1520 de
900 1496 1090 1520 marmore
1111 1484 1299 1532 templum

150 1551 357 1596 instituam,
379 1551 575 1598 festosque
597 1550 679 1586 dies
701 1549 749 1586 de
771 1550 930 1586 nomine
953 1549 1112 1587 Phoebi.

149 1618 206 1653 Te
227 1628 383 1665 quoqne
406 1628 548 1664 magna
569 1622 727 1652 manent
747 1615 874 1663 regnis
896 1615 1106 1663 penetralia
1125 1615 1263 1652 nostris
1281 1629 1287 1651 ε

151 1682 212 1719 hic
235 1695 308 1731 ego
328 1694 496 1730 namque
516 1688 600 1718 tuas
621 1687 742 1717 sortes
764 1692 981 1728 arcanaque
1002 1680 1090 1726 fata,

151 1747 255 1784 dicta
274 1759 384 1784 meae
406 1747 522 1795 genti,
545 1758 701 1795 ponam,
722 1745 921 1793 lectosque
944 1745 1116 1791 sacrabo,

151 1814 261 1859 alma,
282 1813 393 1850 viros.
453 1811 568 1848 Foliis
590 1818 740 1848 tantum
760 1823 810 1848 ne
831 1811 1001 1848 carmina
1021 1811 1176 1857 manda,

150 1891 199 1915 ne
220 1878 371 1915 turbata
389 1877 519 1914 volent
541 1876 682 1925 rapidis
702 1876 865 1914 ludibria
884 1877 1006 1914 ventis
1023 1891 1033 1923 3

150 1943 233 1992 ipsa
255 1955 370 1979 canas
391 1943 485 1978 or0.'
545 1942 680 1978 Finem
702 1941 811 1978 dedit
832 1953 896 1978 ore
918 1941 1116 1990 loquendi.

204 2010 264 2053 At,
288 2007 436 2044 Phoebi
457 2006 633 2043 nondum
653 2006 817 2055 patiens,
839 2007 1019 2044 immanis
1041 2007 1078 2043 in
1099 2013 1208 2044 antro

150 2073 361 2111 bacchatur
379 2079 496 2117 vates,
520 2084 702 2120 magnum
724 2072 754 2108 si
774 2078 932 2120 pectore
955 2072 1076 2120 possit

152 2138 362 2175 excussisse
384 2136 500 2173 deum
519 2150 528 2182 ;
558 2142 665 2173 tanto
687 2137 807 2184 magis
829 2137 888 2174 ille
910 2136 1040 2185 fatigat

151 2216 194 2240 os
214 2202 403 2247 rabidum,
424 2202 503 2238 fera
523 2201 643 2238 corda
664 2201 840 2247 domans,
862 2201 1046 2250 fingitque
1067 2201 1294 2250 premendo.

152 2268 262 2306 Ostia
282 2267 435 2315 iamque
457 2266 595 2303 domus
616 2272 775 2314 patuere
797 2266 965 2314 ingentia
987 2273 1143 2303 centum

152 2339 289 2381 sponte
312 2344 389 2370 sua.
411 2331 583 2378 vatisque
605 2331 730 2367 ferunt
749 2342 935 2378 responsa
955 2343 1023 2379 per
1043 2343 1151 2367 auras
1169 2345 1176 2368 ε

207 2397 266 2436 ‘O
287 2396 445 2433 tandem
466 2395 613 2443 magnis
635 2395 758 2443 pelagi
780 2394 963 2431 defuncte
984 2395 1134 2443 periclis
1155 2398 1161 2432 1

150 2462 228 2500 Sed
248 2468 369 2499 terrae
391 2460 565 2509 graviora
585 2466 754 2497 manent.
814 2460 861 2496 In
882 2471 999 2508 regna
1020 2460 1152 2496 Lavini

1473 125 1550 168 Ῐ57

1516 245 1553 274 50

1516 569 1551 598 55

1515 888 1553 917 60

1515 1558 1551 1584 70

1515 1883 1550 1911 75
