1690 2734
132 265 189 306 94
446 263 507 291 111.
543 250 630 290 The
665 249 934 303 chmdering
963 251 1015 303 of
1037 250 1220 291 AEneaS.

133 389 216 422 nos,
238 376 360 425 patria
380 375 550 420 incensa,
574 373 724 410 diversa
744 385 814 422 per
833 385 1003 421 aequora
1022 379 1170 419 vectae,

133 442 257 490 stirpis
281 440 475 477 Achilleae
498 439 615 476 fastus
636 439 894 486 iuvenemque
917 439 1138 486 superbum,

133 507 285 543 servitio
307 506 455 550 enixae,
477 504 631 541 tulimus
649 517 656 540 :
689 503 754 551 qui
775 502 932 548 deinde,
954 509 1108 540 secutus

134 571 329 608 Ledaeam
352 570 596 606 Hermionen
620 568 1034 616 Lacedaemoniosque
1058 568 1306 616 hymenaeos,

133 649 195 673 me
218 635 360 672 famulo
382 635 642 681 famulamque
666 633 823 669 Heleno
845 633 1052 669 transmisit
1073 632 1307 669 habendam.

133 703 202 738 Ast
222 702 339 746 illum,
362 706 517 748 ereptae
539 711 681 747 magno
703 698 959 734 inflammatus
981 710 1111 734 amore

134 766 307 814 coniugis
329 772 367 801 et
387 765 576 801 scelerum
602 764 721 800 Furiis
743 763 918 811 agitatus,
941 763 1098 799 Orestes

134 832 276 880 excipit
297 832 494 867 incautum
516 830 734 877 patriasque
756 829 961 865 obtruncat
982 827 1031 864 ad
1052 840 1147 865 aras.

135 899 262 934 Morte
286 896 537 944 Neoptolemi
557 907 763 943 regnorum
784 893 936 930 reddita
957 895 1074 930 cessit

133 975 219 1012 pars
244 962 411 1007 Heleno,
434 961 499 1009 qui
521 961 719 998 Chaonios
741 960 974 1008 cognomine
995 971 1155 1007 campos

135 1027 430 1075 Chaoniamque
452 1038 608 1063 omnem
628 1026 797 1062 Troiano
819 1038 841 1061 a
861 1025 1023 1061 Chaone
1046 1024 1152 1069 dixit,

136 1095 398 1142 Pergamaque
422 1092 656 1139 Iliacamque
679 1091 773 1139 iugis
796 1090 895 1126 hanc
917 1089 1068 1126 addidit
1088 1102 1228 1126 arcem.

135 1158 211 1196 Sed
231 1158 299 1194 tibi
320 1158 385 1206 qui
407 1169 559 1193 cursum
580 1156 695 1201 venti,
717 1168 814 1204 quae
836 1156 913 1191 fata
934 1154 1106 1191 dedere?

134 1226 210 1261 Aut
230 1224 406 1272 quisnam
428 1223 602 1270 ignarum
624 1221 762 1257 nostris
783 1221 878 1257 deus
900 1220 1047 1268 adpulit
1067 1221 1169 1256 oris?

136 1289 241 1337 Quid
263 1301 357 1337 puer
378 1288 594 1324 Ascanius?
623 1293 826 1334 superatne
849 1293 886 1322 et
906 1286 1071 1322 vescitur
1091 1298 1191 1331 aura,

135 1367 252 1403 quem
273 1354 339 1390 tibi
361 1354 437 1389 iam
457 1353 574 1389 Troia
588 1374 640 1378 -—

138 1421 274 1468 Ecqua
294 1426 425 1455 tamen
445 1430 566 1467 puero
589 1423 646 1454 est
667 1417 828 1453 amissae
851 1429 941 1452 cura
962 1416 1157 1464 parentis?

138 1485 292 1534 Ecquid
314 1486 351 1521 in
372 1484 571 1532 antiquam
592 1484 768 1519 virtutem
789 1482 1016 1529 animosque
1038 1481 1150 1517 virilis

137 1558 173 1587 et
195 1558 301 1599 pater
323 1552 474 1586 Aeneas
496 1556 534 1585 et
554 1548 764 1584 avunculus
786 1546 929 1584 excitat
955 1547 1154 1583 Hector?'

191 1617 298 1652 Talia
319 1615 506 1652 fundebat
526 1614 727 1650 lacrimans
749 1613 962 1661 longosque
985 1612 1110 1649 ciebat

138 1681 474 1727 illeffiEkffll--fi-QtU-S,
498 1693 586 1716 cum
608 1691 691 1715 sese
713 1691 735 1714 a
756 1679 958 1714 moenibus
980 1678 1093 1714 heros

139 1746 348 1783 Priamides
371 1746 496 1782 multis
521 1745 695 1781 Helenus
718 1744 990 1780 comitantibus
1012 1743 1145 1788 adfert,

138 1812 419 1861 adgnoscitque
442 1823 543 1853 suo&
567 1811 765 1857 laetusque
789 1808 838 1845 ad
860 1810 991 1852 limina
1012 1808 1130 1853 ducit,

139 1886 176 1914 et
197 1878 357 1914 multum
379 1877 553 1913 lacrimas
575 1876 690 1911 verba
712 1876 810 1911 inter
830 1875 977 1922 singula
997 1874 1132 1910 fundit.

141 1943 330 1989 Procedo,
353 1950 389 1979 et
411 1955 569 1991 parvam
590 1941 745 1977 Troiam
768 1941 1019 1987 simulataque
1043 1940 1190 1987 magnis

140 2011 335 2057 Pergama,
359 2015 396 2045 et
416 2006 751 2048 arenteananthi
773 2006 1006 2053 cognomine
1027 2005 1149 2040 rivum

140 2074 351 2123 adgnosco,
374 2075 594 2120 Scaeaeque
616 2072 829 2119 amplector
848 2071 979 2106 limina
1000 2076 1144 2117 portae.

141 2141 226 2177 Nec
248 2153 326 2177 non
349 2147 385 2176 et
405 2139 545 2176 Teucri
566 2138 672 2174 socia
693 2137 803 2174 simul
820 2136 912 2173 urbe
934 2136 1128 2171 fruuntur:

140 2206 222 2242 illos
242 2205 453 2254 porticibus
475 2216 540 2240 rex
563 2203 780 2251 accipiebat
802 2202 837 2238 in
860 2201 995 2248 amplis
1014 2214 1022 2246 5

141 2271 238 2307 aulai
260 2269 390 2306 medio
410 2269 580 2306 libabant
600 2268 742 2316 pocula
766 2267 923 2311 Bacchi,

141 2335 329 2383 impositis
351 2346 442 2370 auro
465 2333 640 2381 dapibus,
663 2339 890 2380 paterasque
912 2331 1107 2367 tenebant.

196 2401 357 2447 Iamque
380 2398 461 2435 dies
484 2398 653 2445 alterque
675 2397 757 2433 dies
779 2397 977 2445 processit,
1001 2402 1038 2432 et
1058 2406 1171 2431 aurae

141 2465 225 2502 vela
244 2470 385 2501 vocant
407 2462 634 2510 tumidoque
656 2462 806 2498 inflatur
827 2461 1006 2498 carbasus
1028 2466 1168 2496 austro.

145 2530 218 2566 His
240 2536 366 2565 vatem
387 2526 593 2576 adgredior
613 2526 725 2563 dictis
746 2539 792 2563 ac
813 2526 901 2562 talia
921 2537 1065 2574 quaeso
1083 2539 1090 2562 :

1373 255 1532 298 [AENEID.
1579 277 1584 281 -

1479 377 1534 407 325

1480 703 1536 731 330

1478 1027 1533 1057 335

1483 1358 1538 1385 340

1482 1682 1537 1710 345
1560 1681 1563 1683 ’

1483 2009 1539 2038 350

1485 2334 1540 2363 355

220 2613 461 2652 330flaumzatus.
485 2613 520 2641 R.
562 2612 606 2632 3³0
622 2612 755 2640 addedz'l.
780 2612 815 2640 R.
866 2611 909 2630 341
920 2613 1056 2647 puerost.
1079 2610 1113 2638 R.
1164 2608 1208 2629 348
1226 2608 1374 2645 Rejeeted
1389 2608 1428 2644 by
1446 2608 1480 2636 R.
