<?xml version="1.0" encoding="UTF-8"?>
<!DOCTYPE html PUBLIC "-//W3C//DTD XHTML 1.0 Transitional//EN"
    "http://www.w3.org/TR/xhtml1/DTD/xhtml1-transitional.dtd">
<html xmlns="http://www.w3.org/1999/xhtml" xml:lang="en" lang="en">
 <head>
  <title>
</title>
<meta http-equiv="Content-Type" content="text/html;charset=utf-8" />
  <meta name='ocr-system' content='tesseract 3.04.00' />
  <meta name='ocr-capabilities' content='ocr_page ocr_carea ocr_par ocr_line ocrx_word'/>
</head>
<body>
  <div class='ocr_page' id='page_1' title='image "./bucolicaaeneisge00virguoft/bucolicaaeneisge00virguoft_0146.png"; bbox 0 0 1690 2734; ppageno 0'>
   <div class='ocr_carea' id='block_1_1' title="bbox 127 227 1190 283">
    <p class='ocr_par' dir='ltr' id='par_1_1' title="bbox 127 227 1190 283">
     <span class='ocr_line' id='line_1_1' title="bbox 127 227 1190 283; baseline 0.005 -18"><span class='ocrx_word' id='word_1_1' title='bbox 127 237 202 265; x_wconf 88' lang='lat'>112</span> <span class='ocrx_word' id='word_1_2' title='bbox 454 239 509 267; x_wconf 90' lang='lat' dir='ltr'>1V.</span> <span class='ocrx_word' id='word_1_3' title='bbox 546 227 795 280; x_wconf 63' lang='lat' dir='ltr'>Depamnre</span> <span class='ocrx_word' id='word_1_4' title='bbox 811 228 937 280; x_wconf 73' lang='lat' dir='ltr'>from</span> <span class='ocrx_word' id='word_1_5' title='bbox 966 227 1190 283; x_wconf 67' lang='lat' dir='ltr'>Carllaczge.</span> 
     </span>
    </p>
   </div>
   <div class='ocr_carea' id='block_1_2' title="bbox 117 349 1275 2101">
    <p class='ocr_par' dir='ltr' id='par_1_2' title="bbox 117 349 1275 2101">
     <span class='ocr_line' id='line_1_2' title="bbox 120 349 1154 399; baseline 0.004 -13"><span class='ocrx_word' id='word_1_6' title='bbox 120 349 307 397; x_wconf 88' lang='lat' dir='ltr'>gaudens,</span> <span class='ocrx_word' id='word_1_7' title='bbox 329 355 367 386; x_wconf 90' lang='lat' dir='ltr'>et</span> <span class='ocrx_word' id='word_1_8' title='bbox 386 350 527 398; x_wconf 85' lang='lat' dir='ltr'>pariter</span> <span class='ocrx_word' id='word_1_9' title='bbox 548 350 647 387; x_wconf 89' lang='lat' dir='ltr'>facta</span> <span class='ocrx_word' id='word_1_10' title='bbox 667 357 783 399; x_wconf 85' lang='lat' dir='ltr'>atque</span> <span class='ocrx_word' id='word_1_11' title='bbox 805 350 946 388; x_wconf 87' lang='lat' dir='ltr'>infecta</span> <span class='ocrx_word' id='word_1_12' title='bbox 967 353 1154 391; x_wconf 83' lang='lat' dir='ltr'>canebat:</span> 
     </span>
     <span class='ocr_line' id='line_1_3' title="bbox 120 415 1044 465; baseline 0.004 -14"><span class='ocrx_word' id='word_1_13' title='bbox 120 415 269 451; x_wconf 91' lang='lat' dir='ltr'>venisse</span> <span class='ocrx_word' id='word_1_14' title='bbox 291 416 465 461; x_wconf 84' lang='lat' dir='ltr'><strong>Aenean,</strong></span> <span class='ocrx_word' id='word_1_15' title='bbox 486 415 656 452; x_wconf 88' lang='lat' dir='ltr'>Troiano</span> <span class='ocrx_word' id='word_1_16' title='bbox 677 416 863 465; x_wconf 86' lang='lat' dir='ltr'>sanguine</span> <span class='ocrx_word' id='word_1_17' title='bbox 884 424 1044 465; x_wconf 88' lang='lat' dir='ltr'>cretum,</span> 
     </span>
     <span class='ocr_line' id='line_1_4' title="bbox 120 480 1052 531; baseline 0.004 -15"><span class='ocrx_word' id='word_1_18' title='bbox 120 480 183 516; x_wconf 92' lang='lat' dir='ltr'>cui</span> <span class='ocrx_word' id='word_1_19' title='bbox 203 491 243 517; x_wconf 91' lang='lat' dir='ltr'>se</span> <span class='ocrx_word' id='word_1_20' title='bbox 264 480 423 529; x_wconf 90' lang='lat' dir='ltr'>pulchra</span> <span class='ocrx_word' id='word_1_21' title='bbox 443 480 522 517; x_wconf 90' lang='lat' dir='ltr'>viro</span> <span class='ocrx_word' id='word_1_22' title='bbox 544 480 723 529; x_wconf 84' lang='lat' dir='ltr'>dignetur</span> <span class='ocrx_word' id='word_1_23' title='bbox 742 481 898 531; x_wconf 87' lang='lat' dir='ltr'>iungere</span> <span class='ocrx_word' id='word_1_24' title='bbox 920 482 1026 520; x_wconf 87' lang='lat' dir='ltr'>Dido</span> <span class='ocrx_word' id='word_1_25' title='bbox 1041 497 1052 531; x_wconf 80' lang='lat'>3</span> 
     </span>
     <span class='ocr_line' id='line_1_5' title="bbox 119 545 1151 597; baseline 0.005 -16"><span class='ocrx_word' id='word_1_26' title='bbox 119 557 224 582; x_wconf 89' lang='lat' dir='ltr'>nunc</span> <span class='ocrx_word' id='word_1_27' title='bbox 246 545 414 582; x_wconf 83' lang='lat' dir='ltr'><strong>hiemem</strong></span> <span class='ocrx_word' id='word_1_28' title='bbox 436 545 534 582; x_wconf 88' lang='lat' dir='ltr'>inter</span> <span class='ocrx_word' id='word_1_29' title='bbox 553 557 594 582; x_wconf 92' lang='lat' dir='ltr'>se</span> <span class='ocrx_word' id='word_1_30' title='bbox 615 546 716 592; x_wconf 90' lang='lat' dir='ltr'>luxu,</span> <span class='ocrx_word' id='word_1_31' title='bbox 738 558 855 595; x_wconf 90' lang='lat' dir='ltr'>quam</span> <span class='ocrx_word' id='word_1_32' title='bbox 875 547 1000 597; x_wconf 87' lang='lat' dir='ltr'>longa,</span> <span class='ocrx_word' id='word_1_33' title='bbox 1022 549 1151 586; x_wconf 87' lang='lat' dir='ltr'>fovere</span> 
     </span>
     <span class='ocr_line' id='line_1_6' title="bbox 119 610 1168 663; baseline 0.006 -17"><span class='ocrx_word' id='word_1_34' title='bbox 119 621 325 658; x_wconf 89' lang='lat' dir='ltr'>regnorum</span> <span class='ocrx_word' id='word_1_35' title='bbox 347 610 595 648; x_wconf 78' lang='lat' dir='ltr'>immemores</span> <span class='ocrx_word' id='word_1_36' title='bbox 618 612 796 660; x_wconf 80' lang='lat' dir='ltr'>turpique</span> <span class='ocrx_word' id='word_1_37' title='bbox 817 613 1000 662; x_wconf 88' lang='lat' dir='ltr'>cupidine</span> <span class='ocrx_word' id='word_1_38' title='bbox 1021 621 1168 663; x_wconf 89' lang='lat' dir='ltr'>captos.</span> 
     </span>
     <span class='ocr_line' id='line_1_7' title="bbox 121 674 1132 723; baseline 0.005 -12"><span class='ocrx_word' id='word_1_39' title='bbox 121 675 235 712; x_wconf 90' lang='lat' dir='ltr'>Haec</span> <span class='ocrx_word' id='word_1_40' title='bbox 255 676 401 723; x_wconf 86' lang='lat' dir='ltr'>passim</span> <span class='ocrx_word' id='word_1_41' title='bbox 422 674 497 712; x_wconf 86' lang='lat' dir='ltr'>dea</span> <span class='ocrx_word' id='word_1_42' title='bbox 516 675 633 712; x_wconf 89' lang='lat' dir='ltr'>foeda</span> <span class='ocrx_word' id='word_1_43' title='bbox 652 676 775 713; x_wconf 89' lang='lat' dir='ltr'>virum</span> <span class='ocrx_word' id='word_1_44' title='bbox 796 677 974 715; x_wconf 84' lang='lat' dir='ltr'>diffundit</span> <span class='ocrx_word' id='word_1_45' title='bbox 995 679 1033 715; x_wconf 92' lang='lat' dir='ltr'>in</span> <span class='ocrx_word' id='word_1_46' title='bbox 1054 691 1132 716; x_wconf 91' lang='lat' dir='ltr'>ora.</span> 
     </span>
     <span class='ocr_line' id='line_1_8' title="bbox 122 740 1069 791; baseline 0.005 -15"><span class='ocrx_word' id='word_1_47' title='bbox 122 741 297 777; x_wconf 81' lang='lat' dir='ltr'>Protinus</span> <span class='ocrx_word' id='word_1_48' title='bbox 314 740 363 777; x_wconf 90' lang='lat' dir='ltr'>ad</span> <span class='ocrx_word' id='word_1_49' title='bbox 384 752 517 791; x_wconf 86' lang='lat' dir='ltr'>regem</span> <span class='ocrx_word' id='word_1_50' title='bbox 539 753 670 778; x_wconf 88' lang='lat' dir='ltr'>cursus</span> <span class='ocrx_word' id='word_1_51' title='bbox 692 741 898 791; x_wconf 83' lang='lat' dir='ltr'>detorquet</span> <span class='ocrx_word' id='word_1_52' title='bbox 919 744 1069 790; x_wconf 82' lang='lat' dir='ltr'>Iarban,</span> 
     </span>
     <span class='ocr_line' id='line_1_9' title="bbox 120 805 1115 856; baseline 0.006 -15"><span class='ocrx_word' id='word_1_53' title='bbox 120 805 371 853; x_wconf 85' lang='lat' dir='ltr'>incenditque</span> <span class='ocrx_word' id='word_1_54' title='bbox 393 806 564 842; x_wconf 88' lang='lat' dir='ltr'>animum</span> <span class='ocrx_word' id='word_1_55' title='bbox 587 805 699 843; x_wconf 90' lang='lat' dir='ltr'>dictis</span> <span class='ocrx_word' id='word_1_56' title='bbox 720 813 836 855; x_wconf 88' lang='lat' dir='ltr'>atque</span> <span class='ocrx_word' id='word_1_57' title='bbox 857 815 1011 856; x_wconf 79' lang='lat' dir='ltr'>aggerat</span> <span class='ocrx_word' id='word_1_58' title='bbox 1031 809 1115 847; x_wconf 89' lang='lat' dir='ltr'>iras.</span> 
     </span>
     <span class='ocr_line' id='line_1_10' title="bbox 175 871 1275 924; baseline 0.005 -17"><span class='ocrx_word' id='word_1_59' title='bbox 175 871 253 907; x_wconf 92' lang='lat' dir='ltr'>Hic</span> <span class='ocrx_word' id='word_1_60' title='bbox 277 871 503 908; x_wconf 88' lang='lat' dir='ltr'>Hammone</span> <span class='ocrx_word' id='word_1_61' title='bbox 525 877 641 917; x_wconf 88' lang='lat' dir='ltr'>satus,</span> <span class='ocrx_word' id='word_1_62' title='bbox 662 878 770 920; x_wconf 87' lang='lat' dir='ltr'>rapta</span> <span class='ocrx_word' id='word_1_63' title='bbox 791 873 1068 911; x_wconf 89' lang='lat' dir='ltr'>Garamantide</span> <span class='ocrx_word' id='word_1_64' title='bbox 1091 875 1275 924; x_wconf 89' lang='lat' dir='ltr'>Nympha</span> 
     </span>
     <span class='ocr_line' id='line_1_11' title="bbox 119 936 1011 987; baseline 0.003 -15"><span class='ocrx_word' id='word_1_65' title='bbox 119 936 263 985; x_wconf 90' lang='lat' dir='ltr'>templa</span> <span class='ocrx_word' id='word_1_66' title='bbox 286 936 369 973; x_wconf 90' lang='lat' dir='ltr'>Iovi</span> <span class='ocrx_word' id='word_1_67' title='bbox 391 943 549 973; x_wconf 89' lang='lat' dir='ltr'>centum</span> <span class='ocrx_word' id='word_1_68' title='bbox 570 936 651 974; x_wconf 88' lang='lat' dir='ltr'>latis</span> <span class='ocrx_word' id='word_1_69' title='bbox 673 938 855 974; x_wconf 90' lang='lat' dir='ltr'>immania</span> <span class='ocrx_word' id='word_1_70' title='bbox 873 939 1011 987; x_wconf 86' lang='lat' dir='ltr'>regnis,</span> 
     </span>
     <span class='ocr_line' id='line_1_12' title="bbox 119 1002 1191 1052; baseline 0.004 -14"><span class='ocrx_word' id='word_1_71' title='bbox 119 1008 277 1038; x_wconf 89' lang='lat' dir='ltr'>centum</span> <span class='ocrx_word' id='word_1_72' title='bbox 298 1014 379 1039; x_wconf 90' lang='lat' dir='ltr'>aras</span> <span class='ocrx_word' id='word_1_73' title='bbox 401 1003 541 1051; x_wconf 84' lang='lat' dir='ltr'>posuit,</span> <span class='ocrx_word' id='word_1_74' title='bbox 562 1002 794 1051; x_wconf 82' lang='lat' dir='ltr'>vigilemque</span> <span class='ocrx_word' id='word_1_75' title='bbox 816 1011 1028 1041; x_wconf 83' lang='lat' dir='ltr'>sacraverat</span> <span class='ocrx_word' id='word_1_76' title='bbox 1049 1005 1191 1052; x_wconf 83' lang='lat' dir='ltr'>ignem,</span> 
     </span>
     <span class='ocr_line' id='line_1_13' title="bbox 119 1067 1114 1117; baseline 0.003 -14"><span class='ocrx_word' id='word_1_77' title='bbox 119 1068 300 1105; x_wconf 78' lang='lat' dir='ltr'>excubias</span> <span class='ocrx_word' id='word_1_78' title='bbox 322 1067 453 1105; x_wconf 88' lang='lat' dir='ltr'>divom</span> <span class='ocrx_word' id='word_1_79' title='bbox 474 1074 660 1113; x_wconf 89' lang='lat' dir='ltr'>aeternas,</span> <span class='ocrx_word' id='word_1_80' title='bbox 682 1067 958 1117; x_wconf 87' lang='lat' dir='ltr'>pecudumque</span> <span class='ocrx_word' id='word_1_81' title='bbox 979 1082 1114 1106; x_wconf 87' lang='lat' dir='ltr'>cruore</span> 
     </span>
     <span class='ocr_line' id='line_1_14' title="bbox 119 1133 1078 1182; baseline 0.001 -12"><span class='ocrx_word' id='word_1_82' title='bbox 119 1133 261 1182; x_wconf 85' lang='lat' dir='ltr'>pingue</span> <span class='ocrx_word' id='word_1_83' title='bbox 281 1133 405 1170; x_wconf 87' lang='lat' dir='ltr'>solum</span> <span class='ocrx_word' id='word_1_84' title='bbox 427 1140 464 1170; x_wconf 93' lang='lat' dir='ltr'>et</span> <span class='ocrx_word' id='word_1_85' title='bbox 485 1134 595 1170; x_wconf 85' lang='lat' dir='ltr'>variis</span> <span class='ocrx_word' id='word_1_86' title='bbox 616 1133 791 1170; x_wconf 88' lang='lat' dir='ltr'>florentia</span> <span class='ocrx_word' id='word_1_87' title='bbox 810 1133 940 1170; x_wconf 87' lang='lat' dir='ltr'>limina</span> <span class='ocrx_word' id='word_1_88' title='bbox 960 1135 1078 1171; x_wconf 90' lang='lat' dir='ltr'>sertis.</span> 
     </span>
     <span class='ocr_line' id='line_1_15' title="bbox 121 1199 1124 1248; baseline 0.001 -12"><span class='ocrx_word' id='word_1_89' title='bbox 121 1199 235 1248; x_wconf 88' lang='lat' dir='ltr'>Isque</span> <span class='ocrx_word' id='word_1_90' title='bbox 257 1212 392 1236; x_wconf 90' lang='lat' dir='ltr'>amens</span> <span class='ocrx_word' id='word_1_91' title='bbox 413 1199 530 1236; x_wconf 90' lang='lat' dir='ltr'>animi</span> <span class='ocrx_word' id='word_1_92' title='bbox 552 1205 590 1236; x_wconf 91' lang='lat' dir='ltr'>et</span> <span class='ocrx_word' id='word_1_93' title='bbox 610 1211 763 1236; x_wconf 91' lang='lat' dir='ltr'>rumore</span> <span class='ocrx_word' id='word_1_94' title='bbox 784 1211 971 1237; x_wconf 89' lang='lat' dir='ltr'>accensus</span> <span class='ocrx_word' id='word_1_95' title='bbox 993 1212 1124 1237; x_wconf 89' lang='lat' dir='ltr'>amaro</span> 
     </span>
     <span class='ocr_line' id='line_1_16' title="bbox 119 1256 1146 1302; baseline 0.001 -1"><span class='ocrx_word' id='word_1_96' title='bbox 119 1264 259 1302; x_wconf 89' lang='lat' dir='ltr'>dicitur</span> <span class='ocrx_word' id='word_1_97' title='bbox 280 1272 367 1302; x_wconf 90' lang='lat' dir='ltr'>ante</span> <span class='ocrx_word' id='word_1_98' title='bbox 389 1277 470 1302; x_wconf 90' lang='lat' dir='ltr'>aras</span> <span class='ocrx_word' id='word_1_99' title='bbox 492 1264 624 1301; x_wconf 89' lang='lat' dir='ltr'>media</span> <span class='ocrx_word' id='word_1_100' title='bbox 643 1265 742 1301; x_wconf 89' lang='lat' dir='ltr'>inter</span> <span class='ocrx_word' id='word_1_101' title='bbox 761 1265 921 1301; x_wconf 88' lang='lat' dir='ltr'>numina</span> <span class='ocrx_word' id='word_1_102' title='bbox 941 1265 1071 1302; x_wconf 89' lang='lat' dir='ltr'>divom</span> <span class='ocrx_word' id='word_1_103' title='bbox 1138 1256 1146 1264; x_wconf 55' lang='lat'><strong><em>⁹</em></strong></span> 
     </span>
     <span class='ocr_line' id='line_1_17' title="bbox 119 1330 1115 1379; baseline 0.002 -12"><span class='ocrx_word' id='word_1_104' title='bbox 119 1331 236 1367; x_wconf 88' lang='lat' dir='ltr'>multa</span> <span class='ocrx_word' id='word_1_105' title='bbox 261 1332 396 1368; x_wconf 90' lang='lat' dir='ltr'>Iovem</span> <span class='ocrx_word' id='word_1_106' title='bbox 417 1330 594 1368; x_wconf 89' lang='lat' dir='ltr'>manibus</span> <span class='ocrx_word' id='word_1_107' title='bbox 615 1330 777 1378; x_wconf 82' lang='lat' dir='ltr'>supplex</span> <span class='ocrx_word' id='word_1_108' title='bbox 797 1342 925 1368; x_wconf 85' lang='lat' dir='ltr'>orasse</span> <span class='ocrx_word' id='word_1_109' title='bbox 946 1332 1091 1379; x_wconf 86' lang='lat' dir='ltr'>supinis</span> <span class='ocrx_word' id='word_1_110' title='bbox 1109 1346 1115 1369; x_wconf 92' lang='lat'>:</span> 
     </span>
     <span class='ocr_line' id='line_1_18' title="bbox 173 1397 1207 1446; baseline 0.001 -12"><span class='ocrx_word' id='word_1_111' title='bbox 173 1398 368 1446; x_wconf 88' lang='lat' dir='ltr'>‘Iuppiter</span> <span class='ocrx_word' id='word_1_112' title='bbox 388 1397 648 1445; x_wconf 88' lang='lat' dir='ltr'>omnipotens,</span> <span class='ocrx_word' id='word_1_113' title='bbox 671 1397 733 1433; x_wconf 92' lang='lat' dir='ltr'>cui</span> <span class='ocrx_word' id='word_1_114' title='bbox 753 1409 857 1433; x_wconf 88' lang='lat' dir='ltr'>nunc</span> <span class='ocrx_word' id='word_1_115' title='bbox 878 1398 1075 1434; x_wconf 88' lang='lat' dir='ltr'>Maurusia</span> <span class='ocrx_word' id='word_1_116' title='bbox 1095 1398 1207 1446; x_wconf 85' lang='lat' dir='ltr'>pictis</span> 
     </span>
     <span class='ocr_line' id='line_1_19' title="bbox 117 1462 1058 1511; baseline 0.001 -12"><span class='ocrx_word' id='word_1_117' title='bbox 117 1470 212 1511; x_wconf 84' lang='lat' dir='ltr'>gens</span> <span class='ocrx_word' id='word_1_118' title='bbox 234 1463 388 1511; x_wconf 80' lang='lat' dir='ltr'>epulata</span> <span class='ocrx_word' id='word_1_119' title='bbox 409 1463 498 1499; x_wconf 88' lang='lat' dir='ltr'>toris</span> <span class='ocrx_word' id='word_1_120' title='bbox 522 1463 720 1499; x_wconf 89' lang='lat' dir='ltr'>Lenaeum</span> <span class='ocrx_word' id='word_1_121' title='bbox 744 1462 834 1499; x_wconf 84' lang='lat' dir='ltr'>libat</span> <span class='ocrx_word' id='word_1_122' title='bbox 855 1463 1058 1510; x_wconf 85' lang='lat' dir='ltr'>honorem,</span> 
     </span>
     <span class='ocr_line' id='line_1_20' title="bbox 119 1528 1196 1578; baseline 0.002 -13"><span class='ocrx_word' id='word_1_123' title='bbox 119 1529 257 1577; x_wconf 76' lang='lat' dir='ltr'>aspicis</span> <span class='ocrx_word' id='word_1_124' title='bbox 280 1528 388 1574; x_wconf 90' lang='lat' dir='ltr'>haec,</span> <span class='ocrx_word' id='word_1_125' title='bbox 410 1541 459 1564; x_wconf 91' lang='lat' dir='ltr'>an</span> <span class='ocrx_word' id='word_1_126' title='bbox 480 1534 529 1574; x_wconf 91' lang='lat' dir='ltr'>te,</span> <span class='ocrx_word' id='word_1_127' title='bbox 553 1528 715 1576; x_wconf 88' lang='lat' dir='ltr'>genitor,</span> <span class='ocrx_word' id='word_1_128' title='bbox 737 1540 827 1564; x_wconf 92' lang='lat' dir='ltr'>cum</span> <span class='ocrx_word' id='word_1_129' title='bbox 847 1528 1006 1565; x_wconf 88' lang='lat' dir='ltr'>fulmina</span> <span class='ocrx_word' id='word_1_130' title='bbox 1026 1535 1196 1578; x_wconf 83' lang='lat' dir='ltr'>torques,</span> 
     </span>
     <span class='ocr_line' id='line_1_21' title="bbox 117 1594 1171 1643; baseline 0.001 -12"><span class='ocrx_word' id='word_1_131' title='bbox 117 1595 355 1643; x_wconf 86' lang='lat' dir='ltr'>nequiquam</span> <span class='ocrx_word' id='word_1_132' title='bbox 377 1594 588 1639; x_wconf 79' lang='lat' dir='ltr'>horremus,</span> <span class='ocrx_word' id='word_1_133' title='bbox 613 1594 797 1642; x_wconf 85' lang='lat' dir='ltr'>caecique</span> <span class='ocrx_word' id='word_1_134' title='bbox 819 1594 858 1630; x_wconf 93' lang='lat' dir='ltr'>in</span> <span class='ocrx_word' id='word_1_135' title='bbox 878 1595 1043 1632; x_wconf 86' lang='lat' dir='ltr'>nubibus</span> <span class='ocrx_word' id='word_1_136' title='bbox 1064 1595 1171 1643; x_wconf 86' lang='lat' dir='ltr'>ignes</span> 
     </span>
     <span class='ocr_line' id='line_1_22' title="bbox 118 1660 1128 1697; baseline 0.001 -1"><span class='ocrx_word' id='word_1_137' title='bbox 118 1661 325 1697; x_wconf 83' lang='lat' dir='ltr'>terrificant</span> <span class='ocrx_word' id='word_1_138' title='bbox 346 1660 495 1697; x_wconf 88' lang='lat' dir='ltr'>animos</span> <span class='ocrx_word' id='word_1_139' title='bbox 517 1667 554 1696; x_wconf 87' lang='lat' dir='ltr'>et</span> <span class='ocrx_word' id='word_1_140' title='bbox 576 1660 705 1696; x_wconf 90' lang='lat' dir='ltr'>inania</span> <span class='ocrx_word' id='word_1_141' title='bbox 725 1672 918 1696; x_wconf 87' lang='lat' dir='ltr'>murmura</span> <span class='ocrx_word' id='word_1_142' title='bbox 938 1660 1128 1697; x_wconf 86' lang='lat' dir='ltr'>miscent?</span> 
     </span>
     <span class='ocr_line' id='line_1_23' title="bbox 119 1725 1092 1774; baseline 0.001 -12"><span class='ocrx_word' id='word_1_143' title='bbox 119 1726 290 1771; x_wconf 80' lang='lat' dir='ltr'>Femina,</span> <span class='ocrx_word' id='word_1_144' title='bbox 313 1738 412 1774; x_wconf 90' lang='lat' dir='ltr'>quae</span> <span class='ocrx_word' id='word_1_145' title='bbox 434 1726 571 1762; x_wconf 89' lang='lat' dir='ltr'>nostris</span> <span class='ocrx_word' id='word_1_146' title='bbox 592 1737 720 1762; x_wconf 89' lang='lat' dir='ltr'>errans</span> <span class='ocrx_word' id='word_1_147' title='bbox 741 1725 778 1761; x_wconf 91' lang='lat' dir='ltr'>in</span> <span class='ocrx_word' id='word_1_148' title='bbox 799 1725 937 1762; x_wconf 87' lang='lat' dir='ltr'>finibus</span> <span class='ocrx_word' id='word_1_149' title='bbox 957 1726 1092 1763; x_wconf 89' lang='lat' dir='ltr'>urbem</span> 
     </span>
     <span class='ocr_line' id='line_1_24' title="bbox 118 1791 994 1842; baseline -0.001 -14"><span class='ocrx_word' id='word_1_150' title='bbox 118 1791 294 1839; x_wconf 86' lang='lat' dir='ltr'>exiguam</span> <span class='ocrx_word' id='word_1_151' title='bbox 316 1792 439 1840; x_wconf 89' lang='lat' dir='ltr'>pretio</span> <span class='ocrx_word' id='word_1_152' title='bbox 460 1791 599 1840; x_wconf 83' lang='lat' dir='ltr'>posuit,</span> <span class='ocrx_word' id='word_1_153' title='bbox 622 1792 683 1827; x_wconf 88' lang='lat' dir='ltr'>cui</span> <span class='ocrx_word' id='word_1_154' title='bbox 701 1791 788 1842; x_wconf 87' lang='lat' dir='ltr'>litus</span> <span class='ocrx_word' id='word_1_155' title='bbox 808 1791 994 1828; x_wconf 85' lang='lat' dir='ltr'>arandum</span> 
     </span>
     <span class='ocr_line' id='line_1_25' title="bbox 118 1856 1036 1905; baseline -0.001 -11"><span class='ocrx_word' id='word_1_156' title='bbox 118 1858 258 1905; x_wconf 90' lang='lat' dir='ltr'>cuique</span> <span class='ocrx_word' id='word_1_157' title='bbox 281 1857 355 1894; x_wconf 91' lang='lat' dir='ltr'>loci</span> <span class='ocrx_word' id='word_1_158' title='bbox 377 1857 480 1905; x_wconf 91' lang='lat' dir='ltr'>leges</span> <span class='ocrx_word' id='word_1_159' title='bbox 503 1856 696 1902; x_wconf 87' lang='lat' dir='ltr'>dedimus,</span> <span class='ocrx_word' id='word_1_160' title='bbox 719 1857 887 1894; x_wconf 91' lang='lat' dir='ltr'>conubia</span> <span class='ocrx_word' id='word_1_161' title='bbox 906 1864 1036 1894; x_wconf 88' lang='lat' dir='ltr'>nostra</span> 
     </span>
     <span class='ocr_line' id='line_1_26' title="bbox 117 1922 1140 1971; baseline 0.001 -12"><span class='ocrx_word' id='word_1_162' title='bbox 117 1923 294 1971; x_wconf 87' lang='lat' dir='ltr'>reppulit,</span> <span class='ocrx_word' id='word_1_163' title='bbox 316 1935 361 1958; x_wconf 89' lang='lat' dir='ltr'>ac</span> <span class='ocrx_word' id='word_1_164' title='bbox 383 1922 587 1959; x_wconf 85' lang='lat' dir='ltr'>dominum</span> <span class='ocrx_word' id='word_1_165' title='bbox 609 1923 772 1959; x_wconf 84' lang='lat' dir='ltr'>Aenean</span> <span class='ocrx_word' id='word_1_166' title='bbox 793 1922 830 1958; x_wconf 93' lang='lat' dir='ltr'>in</span> <span class='ocrx_word' id='word_1_167' title='bbox 845 1934 963 1970; x_wconf 89' lang='lat' dir='ltr'>regna</span> <span class='ocrx_word' id='word_1_168' title='bbox 982 1923 1140 1971; x_wconf 89' lang='lat' dir='ltr'>recepit.</span> 
     </span>
     <span class='ocr_line' id='line_1_27' title="bbox 120 1987 1029 2033; baseline -0.001 -8"><span class='ocrx_word' id='word_1_169' title='bbox 120 1990 169 2025; x_wconf 84' lang='lat' dir='ltr'>Et</span> <span class='ocrx_word' id='word_1_170' title='bbox 189 2001 293 2025; x_wconf 90' lang='lat' dir='ltr'>nnnc</span> <span class='ocrx_word' id='word_1_171' title='bbox 315 1988 374 2025; x_wconf 91' lang='lat' dir='ltr'>ille</span> <span class='ocrx_word' id='word_1_172' title='bbox 399 1988 501 2025; x_wconf 88' lang='lat' dir='ltr'>Paris</span> <span class='ocrx_word' id='word_1_173' title='bbox 524 2000 613 2024; x_wconf 90' lang='lat' dir='ltr'>cum</span> <span class='ocrx_word' id='word_1_174' title='bbox 635 1987 811 2024; x_wconf 90' lang='lat' dir='ltr'>semiviro</span> <span class='ocrx_word' id='word_1_175' title='bbox 833 1989 1029 2033; x_wconf 90' lang='lat' dir='ltr'>comitatu,</span> 
     </span>
     <span class='ocr_line' id='line_1_28' title="bbox 120 2052 1122 2101; baseline 0 -11"><span class='ocrx_word' id='word_1_176' title='bbox 120 2054 304 2091; x_wconf 90' lang='lat' dir='ltr'>Maeonia</span> <span class='ocrx_word' id='word_1_177' title='bbox 326 2061 500 2090; x_wconf 90' lang='lat' dir='ltr'>mentum</span> <span class='ocrx_word' id='word_1_178' title='bbox 523 2054 633 2089; x_wconf 89' lang='lat' dir='ltr'>mitra</span> <span class='ocrx_word' id='word_1_179' title='bbox 653 2053 878 2101; x_wconf 89' lang='lat' dir='ltr'>crinemque</span> <span class='ocrx_word' id='word_1_180' title='bbox 900 2052 1122 2090; x_wconf 89' lang='lat' dir='ltr'>madentem</span> 
     </span>
    </p>
   </div>
   <div class='ocr_carea' id='block_1_3' title="bbox 1276 905 1286 922">
    <p class='ocr_par' dir='ltr' id='par_1_3' title="bbox 1276 905 1286 922">
     <span class='ocr_line' id='line_1_29' title="bbox 1276 905 1286 922; baseline 0 0"><span class='ocrx_word' id='word_1_181' title='bbox 1276 905 1286 922; x_wconf 72' lang='lat'><em>9</em></span> 
     </span>
    </p>
   </div>
   <div class='ocr_carea' id='block_1_4' title="bbox 119 2119 1223 2622">
    <p class='ocr_par' dir='ltr' id='par_1_4' title="bbox 119 2119 1105 2168">
     <span class='ocr_line' id='line_1_30' title="bbox 119 2119 1105 2168; baseline -0.001 -11"><span class='ocrx_word' id='word_1_182' title='bbox 119 2120 325 2165; x_wconf 82' lang='lat' dir='ltr'>subnexus,</span> <span class='ocrx_word' id='word_1_183' title='bbox 348 2127 458 2168; x_wconf 87' lang='lat' dir='ltr'>rapto</span> <span class='ocrx_word' id='word_1_184' title='bbox 480 2120 623 2168; x_wconf 89' lang='lat' dir='ltr'>potitur</span> <span class='ocrx_word' id='word_1_185' title='bbox 641 2134 647 2156; x_wconf 75' lang='grc' dir='ltr'>ε</span> <span class='ocrx_word' id='word_1_186' title='bbox 681 2132 751 2155; x_wconf 89' lang='lat' dir='ltr'>nos</span> <span class='ocrx_word' id='word_1_187' title='bbox 773 2131 933 2155; x_wconf 88' lang='lat' dir='ltr'>munera</span> <span class='ocrx_word' id='word_1_188' title='bbox 952 2119 1105 2167; x_wconf 89' lang='lat' dir='ltr'>templis</span> 
     </span>
    </p>

    <p class='ocr_par' dir='ltr' id='par_1_5' title="bbox 119 2185 1179 2298">
     <span class='ocr_line' id='line_1_31' title="bbox 119 2185 1179 2234; baseline 0.001 -13"><span class='ocrx_word' id='word_1_189' title='bbox 119 2185 263 2234; x_wconf 89' lang='lat' dir='ltr'>quippe</span> <span class='ocrx_word' id='word_1_190' title='bbox 285 2185 357 2221; x_wconf 89' lang='lat' dir='ltr'>tuis</span> <span class='ocrx_word' id='word_1_191' title='bbox 378 2185 544 2230; x_wconf 88' lang='lat' dir='ltr'>ferimus,</span> <span class='ocrx_word' id='word_1_192' title='bbox 567 2185 785 2232; x_wconf 87' lang='lat' dir='ltr'>famamque</span> <span class='ocrx_word' id='word_1_193' title='bbox 806 2185 979 2221; x_wconf 85' lang='lat' dir='ltr'>fovemus</span> <span class='ocrx_word' id='word_1_194' title='bbox 999 2185 1179 2222; x_wconf 88' lang='lat' dir='ltr'>inanem.&#39;</span> 
     </span>
     <span class='ocr_line' id='line_1_32' title="bbox 172 2249 1060 2298; baseline 0 -12"><span class='ocrx_word' id='word_1_195' title='bbox 172 2250 329 2287; x_wconf 87' lang='lat' dir='ltr'>Talibus</span> <span class='ocrx_word' id='word_1_196' title='bbox 351 2258 525 2286; x_wconf 85' lang='lat' dir='ltr'>orantem</span> <span class='ocrx_word' id='word_1_197' title='bbox 547 2249 659 2286; x_wconf 89' lang='lat' dir='ltr'>dictis</span> <span class='ocrx_word' id='word_1_198' title='bbox 681 2262 840 2298; x_wconf 87' lang='lat' dir='ltr'>arasque</span> <span class='ocrx_word' id='word_1_199' title='bbox 861 2256 1060 2286; x_wconf 87' lang='lat' dir='ltr'>tenentem</span> 
     </span>
    </p>

    <p class='ocr_par' dir='ltr' id='par_1_6' title="bbox 121 2314 1130 2362">
     <span class='ocr_line' id='line_1_33' title="bbox 121 2314 1130 2362; baseline 0.001 -12"><span class='ocrx_word' id='word_1_200' title='bbox 121 2314 241 2351; x_wconf 87' lang='lat' dir='ltr'>audiit</span> <span class='ocrx_word' id='word_1_201' title='bbox 262 2315 522 2362; x_wconf 85' lang='lat' dir='ltr'>omnipotens,</span> <span class='ocrx_word' id='word_1_202' title='bbox 546 2315 757 2362; x_wconf 88' lang='lat' dir='ltr'>oculosque</span> <span class='ocrx_word' id='word_1_203' title='bbox 779 2314 828 2351; x_wconf 89' lang='lat' dir='ltr'>ad</span> <span class='ocrx_word' id='word_1_204' title='bbox 850 2315 1005 2351; x_wconf 91' lang='lat' dir='ltr'>moenia</span> <span class='ocrx_word' id='word_1_205' title='bbox 1023 2315 1130 2351; x_wconf 89' lang='lat' dir='ltr'>torsit</span> 
     </span>
    </p>

    <p class='ocr_par' dir='ltr' id='par_1_7' title="bbox 119 2379 977 2428">
     <span class='ocr_line' id='line_1_34' title="bbox 119 2379 977 2428; baseline 0 -12"><span class='ocrx_word' id='word_1_206' title='bbox 119 2380 224 2428; x_wconf 86' lang='lat' dir='ltr'>regia</span> <span class='ocrx_word' id='word_1_207' title='bbox 244 2386 281 2416; x_wconf 89' lang='lat' dir='ltr'>et</span> <span class='ocrx_word' id='word_1_208' title='bbox 301 2380 440 2416; x_wconf 88' lang='lat' dir='ltr'>oblitos</span> <span class='ocrx_word' id='word_1_209' title='bbox 461 2380 584 2416; x_wconf 87' lang='lat' dir='ltr'>famae</span> <span class='ocrx_word' id='word_1_210' title='bbox 607 2379 773 2416; x_wconf 89' lang='lat' dir='ltr'>melioris</span> <span class='ocrx_word' id='word_1_211' title='bbox 791 2386 977 2416; x_wconf 88' lang='lat' dir='ltr'>amantes.</span> 
     </span>
    </p>

    <p class='ocr_par' dir='ltr' id='par_1_8' title="bbox 119 2443 1173 2492">
     <span class='ocr_line' id='line_1_35' title="bbox 119 2443 1173 2492; baseline -0.002 -11"><span class='ocrx_word' id='word_1_212' title='bbox 119 2445 220 2481; x_wconf 89' lang='lat' dir='ltr'>Tum</span> <span class='ocrx_word' id='word_1_213' title='bbox 241 2445 295 2481; x_wconf 89' lang='lat' dir='ltr'>sic</span> <span class='ocrx_word' id='word_1_214' title='bbox 318 2444 555 2481; x_wconf 88' lang='lat' dir='ltr'>Mercurium</span> <span class='ocrx_word' id='word_1_215' title='bbox 577 2443 796 2492; x_wconf 91' lang='lat' dir='ltr'>adloquitur</span> <span class='ocrx_word' id='word_1_216' title='bbox 818 2457 862 2481; x_wconf 91' lang='lat' dir='ltr'>ac</span> <span class='ocrx_word' id='word_1_217' title='bbox 883 2444 973 2481; x_wconf 90' lang='lat' dir='ltr'>talia</span> <span class='ocrx_word' id='word_1_218' title='bbox 992 2443 1173 2481; x_wconf 89' lang='lat' dir='ltr'>mandat:</span> 
     </span>
    </p>

    <p class='ocr_par' dir='ltr' id='par_1_9' title="bbox 123 2509 1192 2557">
     <span class='ocr_line' id='line_1_36' title="bbox 123 2509 1192 2557; baseline 0.001 -12"><span class='ocrx_word' id='word_1_219' title='bbox 123 2509 254 2546; x_wconf 88' lang='lat' dir='ltr'>‘Vade</span> <span class='ocrx_word' id='word_1_220' title='bbox 276 2521 358 2557; x_wconf 89' lang='lat' dir='ltr'>age,</span> <span class='ocrx_word' id='word_1_221' title='bbox 380 2515 481 2554; x_wconf 88' lang='lat' dir='ltr'>nate,</span> <span class='ocrx_word' id='word_1_222' title='bbox 503 2521 599 2545; x_wconf 84' lang='lat' dir='ltr'>voca</span> <span class='ocrx_word' id='word_1_223' title='bbox 619 2509 815 2557; x_wconf 84' lang='lat' dir='ltr'>Zephyros</span> <span class='ocrx_word' id='word_1_224' title='bbox 837 2516 874 2546; x_wconf 89' lang='lat' dir='ltr'>et</span> <span class='ocrx_word' id='word_1_225' title='bbox 893 2509 1022 2546; x_wconf 88' lang='lat' dir='ltr'>labere</span> <span class='ocrx_word' id='word_1_226' title='bbox 1044 2509 1192 2557; x_wconf 82' lang='lat' dir='ltr'>pennis,</span> 
     </span>
    </p>

    <p class='ocr_par' dir='ltr' id='par_1_10' title="bbox 124 2573 1223 2622">
     <span class='ocr_line' id='line_1_37' title="bbox 124 2573 1223 2622; baseline 0 -12"><span class='ocrx_word' id='word_1_227' title='bbox 124 2573 439 2622; x_wconf 89' lang='lat' dir='ltr'>Dardaniumque</span> <span class='ocrx_word' id='word_1_228' title='bbox 462 2573 616 2619; x_wconf 86' lang='lat' dir='ltr'>ducem,</span> <span class='ocrx_word' id='word_1_229' title='bbox 638 2574 752 2621; x_wconf 86' lang='lat' dir='ltr'>Tyria</span> <span class='ocrx_word' id='word_1_230' title='bbox 776 2573 1013 2622; x_wconf 84' lang='lat' dir='ltr'>Karthagine</span> <span class='ocrx_word' id='word_1_231' title='bbox 1036 2573 1100 2621; x_wconf 89' lang='lat' dir='ltr'>qui</span> <span class='ocrx_word' id='word_1_232' title='bbox 1120 2586 1223 2610; x_wconf 90' lang='lat' dir='ltr'>nunc</span> 
     </span>
    </p>
   </div>
   <div class='ocr_carea' id='block_1_5' title="bbox 1357 236 1524 278">
    <p class='ocr_par' dir='ltr' id='par_1_11' title="bbox 1357 236 1524 278">
     <span class='ocr_line' id='line_1_38' title="bbox 1357 236 1524 278; baseline 0 -10"><span class='ocrx_word' id='word_1_233' title='bbox 1357 236 1524 278; x_wconf 84' lang='lat' dir='ltr'><strong>[AENEID.·</strong></span> 
     </span>
    </p>
   </div>
   <div class='ocr_carea' id='block_1_6' title="bbox 1467 359 1524 390">
    <p class='ocr_par' dir='ltr' id='par_1_12' title="bbox 1467 359 1524 390">
     <span class='ocr_line' id='line_1_39' title="bbox 1467 359 1524 390; baseline 0 -8"><span class='ocrx_word' id='word_1_234' title='bbox 1467 359 1524 390; x_wconf 88' lang='lat'>190</span> 
     </span>
    </p>
   </div>
   <div class='ocr_carea' id='block_1_7' title="bbox 1468 686 1521 716">
    <p class='ocr_par' dir='ltr' id='par_1_13' title="bbox 1468 686 1521 716">
     <span class='ocr_line' id='line_1_40' title="bbox 1468 686 1521 716; baseline 0.019 -1"><span class='ocrx_word' id='word_1_235' title='bbox 1468 686 1521 716; x_wconf 88' lang='lat'>195</span> 
     </span>
    </p>
   </div>
   <div class='ocr_carea' id='block_1_8' title="bbox 1464 1013 1521 1032">
    <p class='ocr_par' dir='ltr' id='par_1_14' title="bbox 1464 1013 1521 1032">
     <span class='ocr_line' id='line_1_41' title="bbox 1464 1013 1521 1032; baseline 0 0"><span class='ocrx_word' id='word_1_236' title='bbox 1464 1013 1521 1032; x_wconf 89' lang='lat'>200</span> 
     </span>
    </p>
   </div>
   <div class='ocr_carea' id='block_1_9' title="bbox 1463 1338 1518 1368">
    <p class='ocr_par' dir='ltr' id='par_1_15' title="bbox 1463 1338 1518 1368">
     <span class='ocr_line' id='line_1_42' title="bbox 1463 1338 1518 1368; baseline 0 -10"><span class='ocrx_word' id='word_1_237' title='bbox 1463 1338 1518 1368; x_wconf 88' lang='lat'>205</span> 
     </span>
    </p>
   </div>
   <div class='ocr_carea' id='block_1_10' title="bbox 1463 1667 1520 1688">
    <p class='ocr_par' dir='ltr' id='par_1_16' title="bbox 1463 1667 1520 1688">
     <span class='ocr_line' id='line_1_43' title="bbox 1463 1667 1520 1688; baseline -0.018 0"><span class='ocrx_word' id='word_1_238' title='bbox 1463 1667 1520 1688; x_wconf 89' lang='lat'>210</span> 
     </span>
    </p>
   </div>
   <div class='ocr_carea' id='block_1_11' title="bbox 1463 1995 1518 2024">
    <p class='ocr_par' dir='ltr' id='par_1_17' title="bbox 1463 1995 1518 2024">
     <span class='ocr_line' id='line_1_44' title="bbox 1463 1995 1518 2024; baseline -0.018 -8"><span class='ocrx_word' id='word_1_239' title='bbox 1463 1995 1518 2024; x_wconf 85' lang='lat'>215</span> 
     </span>
    </p>
   </div>
   <div class='ocr_carea' id='block_1_12' title="bbox 1465 2323 1521 2342">
    <p class='ocr_par' dir='ltr' id='par_1_18' title="bbox 1465 2323 1521 2342">
     <span class='ocr_line' id='line_1_45' title="bbox 1465 2323 1521 2342; baseline 0 0"><span class='ocrx_word' id='word_1_240' title='bbox 1465 2323 1521 2342; x_wconf 88' lang='grc'>220</span> 
     </span>
    </p>
   </div>
  </div>
 </body>
</html>
