1690 2734
152 171 206 209 80
556 181 597 209 [Ι.
636 169 723 208 The
754 170 858 209 Fall
885 171 938 222 of
970 171 1087 223 Troy.

150 292 216 329 dat
237 293 377 338 lucem,
399 300 437 329 et
457 292 531 329 late
552 292 697 329 circum
719 294 804 330 loca
825 293 1004 342 sulphure
1025 294 1183 331 fumant.

154 358 230 394 Hic
253 370 342 394 vero
363 358 485 394 victus
506 357 656 405 genitor
675 370 715 394 se
737 358 833 395 tollit
854 358 903 395 ad
924 371 1045 404 auras,

149 422 376 470 adfaturque
399 422 494 459 deos
516 428 554 459 et
573 429 749 459 sanctum
770 423 875 460 sidus
897 423 1042 460 adorat.

151 490 159 505 ‘
176 488 259 524 Iam
280 487 356 524 iam
377 487 480 524 nulla
501 499 608 523 mora
628 493 685 524 est
700 501 710 534 3
742 499 882 536 sequor
903 495 940 525 et
961 501 1037 536 qua
1057 489 1196 526 ducitis
1218 490 1367 528 adsum.

151 553 201 589 Di
222 552 343 600 patrii,
366 558 512 589 servate
533 551 709 598 domum,
731 559 878 590 servate
900 560 1097 602 nepotem.

150 618 327 653 Vestrum
349 617 424 653 hoc
445 617 657 665 augurium,
679 624 884 666 vestroque
907 619 944 654 in
968 619 1127 656 numine
1149 621 1266 658 Troia
1287 629 1355 659 est.

151 682 262 719 Cedo
284 681 479 730 equidem,
502 694 589 728 nec,
610 689 712 728 nate,
735 683 802 719 tibi
824 695 956 719 comes
978 684 1030 720 ire
1053 688 1215 723 recuso.’

206 747 363 783 Dixerat
385 747 443 783 ille
462 761 469 791 ;
501 754 538 783 et
558 747 633 783 iam
655 759 723 795 per
745 749 898 784 moenia
924 750 1057 787 clarior
1079 751 1174 799 ignis

149 811 312 857 auditur,
334 812 569 860 propiusque
590 819 717 849 aestus
740 813 921 850 incendia
944 816 1111 852 volvunt.

151 877 277 925 ‘Ergo
299 889 382 926 age,
405 889 491 914 care
514 883 633 925 pater,
657 878 795 913 cervici
821 879 1018 927 imponere
1041 889 1194 918 nostrae
1212 895 1221 927 3

152 940 232 987 ipse
264 939 400 975 subibo
432 940 585 984 umeris,
614 954 687 979 nec
710 955 770 979 me
796 944 903 981 labor
923 946 991 981 iste
1012 947 1206 993 gravabit:

150 1019 227 1055 quo
249 1019 307 1044 res
328 1019 494 1055 cumque
517 1007 670 1054 cadent,
697 1023 817 1047 unum
839 1018 876 1047 et
897 1023 1105 1047 commune
1128 1013 1326 1059 periclum,

150 1085 226 1109 una
247 1073 345 1109 salus
367 1074 557 1111 ambobus
578 1076 658 1112 erit.
719 1075 815 1112 Mihi
837 1087 973 1124 parvus
996 1076 1099 1112 Iulus

150 1138 198 1174 sit
219 1151 364 1183 comes,
387 1145 424 1174 et
445 1139 557 1187 longe
581 1147 704 1177 servet
725 1141 883 1189 vestigia
903 1141 1095 1178 coniunx:

150 1216 227 1249 vos,
251 1204 392 1249 famuli,
415 1216 515 1251 quae
538 1205 682 1251 dicam,
705 1207 839 1242 animis
861 1206 1045 1242 advertite
1066 1207 1210 1243 vestris.

150 1271 219 1306 Est
240 1270 333 1307 urbe
355 1271 514 1318 egressis
536 1271 702 1307 tumulus
724 1271 987 1319 templumque
1009 1278 1201 1308 vetustum

148 1336 326 1374 desertae
349 1337 511 1382 Cereris,
534 1337 714 1384 iuxtaque
737 1337 892 1384 antiqua
914 1349 1115 1384 cupressus

148 1402 331 1449 religione
353 1408 503 1450 patrum
525 1401 664 1437 multos
686 1408 833 1437 servata
853 1413 920 1448 per
940 1413 1073 1438 annos.

150 1468 266 1503 Hanc
288 1479 335 1503 ex
356 1466 508 1503 diverso
532 1466 665 1502 sedem
688 1461 884 1502 veniemus
906 1466 942 1502 in
965 1478 1093 1502 unam.

147 1535 220 1579 Tu,
242 1534 402 1582 genitor,
426 1544 523 1580 cape
546 1544 654 1568 sacra
674 1543 789 1567 manu
812 1531 1031 1578 patriosque
1056 1531 1232 1577 Penatis;

148 1612 222 1644 me,
246 1599 346 1636 bello
370 1610 389 1635 e
411 1604 517 1634 tanto
542 1597 754 1644 digressum
777 1602 813 1632 et
834 1595 955 1632 caede
977 1596 1133 1641 recenti,

147 1670 348 1700 attrectare
370 1664 489 1709 nefas,
514 1662 642 1699 donec
666 1673 727 1697 me
750 1661 905 1697 flumine
928 1661 1013 1697 vivo

148 1729 331 1766 abluero!

205 1793 320 1828 Haec
350 1791 458 1835 fatus,
490 1790 587 1827 latos
617 1801 770 1827 umeros
789 1790 1039 1838 subiectaque
1062 1784 1160 1828 c'olla

147 1865 250 1895 veste
272 1871 386 1907 super
406 1858 572 1906 fulvique
596 1858 785 1894 insternor
806 1856 904 1904 pelle
926 1856 1059 1900 leonis,

147 1923 396 1971 succedoque
418 1923 550 1969 oneri3
581 1922 738 1959 dextrae
760 1933 800 1957 se
822 1933 959 1968 parvus
982 1921 1086 1957 Iulus

147 1989 335 2036 implicuit
355 1988 602 2036 sequiturque
625 1993 772 2035 patrem
794 1999 873 2023 non
895 1986 1067 2034 passibus
1088 1986 1220 2033 aequis
1236 2000 1245 2031 ;

146 2066 249 2101 pone
271 2054 371 2090 subit
392 2054 560 2090 coniunx
578 2067 584 2088 :
617 2052 772 2089 ferimur
793 2064 861 2100 per
882 2063 1007 2099 opaca
1028 2051 1201 2087 locorum
1218 2064 1226 2096 3

146 2125 183 2154 et
204 2130 277 2164 me,
300 2130 416 2166 quem
438 2117 586 2155 dudum
607 2129 685 2153 non
706 2117 781 2153 ulla
800 2117 942 2153 iniecta
962 2116 1171 2153 movebant

145 2183 220 2219 tela
240 2195 366 2231 neque
388 2182 550 2220 adverso
570 2182 769 2230 glomerati
790 2194 837 2218 ex
858 2182 1010 2230 agmine
1034 2182 1137 2227 Grai,

146 2260 249 2284 nunc
270 2260 405 2284 omnes
425 2253 566 2284 terrent
587 2259 712 2292 aurae,
735 2259 850 2283 sonus
872 2247 1013 2282 excitat
1035 2246 1160 2283 omnis

145 2324 374 2360 suspensum
395 2319 432 2348 et
453 2312 593 2360 pariter
614 2312 822 2359 comitique
845 2312 1030 2358 onerique
1053 2312 1268 2348 timentem.

202 2378 361 2426 Iamque
383 2377 690 2426 propinquabam
711 2377 841 2424 portis,
864 2388 1099 2424 omnemque
1121 2375 1280 2412 videbar

147 2443 308 2479 evasisse
330 2442 441 2487 viam,
464 2441 590 2478 subito
611 2453 699 2477 cum
721 2441 855 2477 creber
874 2440 923 2477 ad
944 2441 1042 2477 auris

716 2526 758 2546 ⁶²⁴8
775 2527 909 2561 sulpure.
933 2526 967 2553 R.

1390 178 1549 219 [AENEm.

1495 434 1552 461 700

1496 760 1551 787 705

1496 1084 1551 1111 710

1495 1409 1549 1437 715

1492 1735 1548 1761 720

1490 2060 1544 2086 725

1488 2383 1542 2411 730
