1690 2734
148 178 304 219 11.286.]
577 169 615 209 T
610 169 661 209 [ιε
692 169 798 209 Fate
834 170 887 222 of
910 170 1111 211 Laocoon.

150 293 519 342 Myrmidonumque
540 292 650 329 dolos
667 306 676 338 3
709 293 779 329 susi
800 305 867 341 per
888 294 1042 330 moenia
1061 295 1199 331 'l'eucri

148 359 381 404 conticuere,
404 370 520 406 sopor
542 358 660 394 fessos
682 357 953 406 complectitur
975 366 1075 396 artus
1093 374 1099 396 :

147 431 186 461 et
205 424 281 460 iam
302 423 440 471 Argiva
458 422 626 471 phalanx
646 422 837 459 instructis
855 424 1015 461 navibus
1036 425 1113 462 ibat

147 502 170 526 a
187 488 352 526 Tenedo
373 488 511 524 tacitae
532 499 601 536 per
620 488 746 524 amica
765 488 915 525 silentia
934 489 1047 526 lunae

147 555 256 592 litora
274 561 367 591 nota
386 560 535 602 petens,
557 552 730 589 flammas
751 566 842 590 cum
862 555 966 603 regia
985 556 1126 604 puppis

147 621 344 666 extulerat,
366 620 527 668 fatisque
550 618 669 656 deum
692 619 872 656 defensus
894 621 1032 669 iniquis

148 686 314 723 inclusos
336 693 445 722 utero
467 686 625 722 Danaos
646 692 683 721 et
704 685 819 734 pinea
839 686 964 722 furtim

147 751 246 788 laxat
266 752 430 788 claustra
450 751 581 788 Sinon.
640 751 730 787 Illos
751 751 964 799 patefactus
986 751 1035 788 ad
1056 765 1165 789 auras

147 816 274 853 reddit
295 829 427 864 equus,
450 816 615 864 laetique
639 828 734 852 cavo
756 828 795 852 se
816 816 954 852 robore
974 824 1156 864 promunt

146 881 413 918 Thessandrus
435 881 714 929 Sthenelusque
736 881 869 927 duces,
891 888 928 918 et
948 881 1051 918 dirus
1075 883 1214 928 Ulixes,

148 947 358 983 demissum
380 947 476 995 lapsi
497 959 565 995 per
585 947 729 992 funem,
752 948 1008 995 Acamasque,
1029 947 1248 995 Thoasque,

151 1012 376 1060 Pelidesque
400 1012 694 1060 Neoptolemus,
719 1012 943 1060 primusque
966 1012 1174 1058 Machaon,

147 1083 184 1113 et
206 1077 419 1123 Menelaus,
442 1084 479 1113 et
500 1077 582 1125 ipse
604 1076 683 1114 doli
704 1077 906 1113 fabricator
929 1078 1070 1125 Epeos.

150 1141 342 1178 Invadunt
362 1142 496 1178 urbem
517 1154 657 1178 somno
677 1141 846 1190 vinoque
867 1142 1056 1190 sepultam
1073 1155 1081 1186 ;

147 1207 363 1243 caeduntur
383 1207 525 1255 vigiles,
546 1207 742 1255 portisque
763 1207 982 1255 patentibus
1003 1208 1128 1244 omnis

147 1272 342 1320 accipiunt
363 1272 490 1308 socios
511 1279 626 1319 atque
647 1272 800 1320 agmina
821 1273 977 1308 conscia
998 1273 1168 1320 iungunt.

200 1337 371 1385 Tempus
392 1343 483 1382 erat,
506 1349 583 1385 quo
605 1336 727 1385 prima
747 1337 854 1384 quies
876 1337 1098 1374 mortalibus
1119 1339 1239 1386 aegris

148 1402 292 1450 incipit,
315 1409 351 1438 et
373 1401 478 1438 dono
500 1400 631 1437 divom
651 1401 865 1449 gratissima
885 1402 1011 1450 serpit.

148 1467 195 1503 In
215 1466 370 1511 somnis,
393 1478 500 1511 ecce,
521 1473 610 1502 ante
631 1467 765 1503 oculos
786 1467 1061 1504 maestissimus
1080 1469 1230 1504 Hector

146 1532 246 1568 visus
267 1531 402 1568 adesse
425 1531 528 1577 mihi,
550 1531 751 1580 largosque
773 1531 968 1568 effundere
990 1532 1112 1577 fletus,

147 1604 315 1645 raptatus
335 1596 442 1644 bigis,
465 1603 505 1632 ut
525 1595 738 1644 quondam,
759 1603 917 1645 aterque
939 1604 1099 1634 cruento

147 1662 314 1710 pulvere,
336 1673 481 1709 perque
502 1660 625 1709 pedes
646 1661 826 1698 traiectus
847 1661 926 1698 lora
945 1663 1139 1699 tumentis.

150 1727 194 1762 Ei
216 1726 321 1772 mihi,
342 1726 463 1774 qualis
484 1733 575 1772 erat,
597 1733 783 1774 quantum
807 1734 973 1763 mutatus
994 1728 1042 1764 ab
1063 1728 1125 1763 illo

151 1792 337 1836 Hectore,
358 1791 423 1840 qui
442 1791 541 1827 redit
562 1791 718 1828 exuvias
741 1791 898 1828 indutus
919 1792 1069 1837 Achilli,

146 1856 206 1892 vel
228 1857 407 1893 Danaum
429 1856 612 1904 Phrygios
634 1856 817 1893 iaculatus
838 1857 1033 1905 puppibus
1054 1858 1161 1906 ignis,

147 1921 388 1969 squalentem
409 1921 567 1958 barbam
589 1928 626 1957 et
649 1929 852 1958 concretos
873 1923 1057 1970 sanguine
1079 1923 1191 1959 crinis

147 1987 381 2034 volneraque
403 1986 462 2022 illa
483 1999 632 2035 gerens,
655 1999 754 2035 quae
776 1987 922 2023 circum
942 1987 1105 2035 plurima
1125 2001 1253 2024 muros

147 2052 298 2099 accepit
319 2052 475 2100 patrios.
535 2052 644 2089 Ultro
666 2051 760 2088 flens
783 2052 863 2100 ipse
884 2051 1043 2089 videbar

148 2117 379 2165 compellare
400 2117 523 2154 virum
544 2124 581 2154 et
602 2125 766 2154 maestas
788 2130 1012 2165 expromere
1032 2131 1149 2155 voces
1167 2133 1174 2155 :

149 2183 159 2199 ‘
174 2181 209 2219 O
230 2181 293 2218 lux
315 2181 546 2228 Dardaniae,
568 2194 656 2230 spes
679 2182 714 2220 O
735 2181 920 2218 fidissima
938 2183 1144 2229 Teucrum,

148 2258 246 2295 quae
268 2254 395 2284 tantae
416 2254 572 2284 tenuere
594 2248 752 2284 morae?
810 2247 959 2294 Quibus
984 2248 1134 2284 Hector
1155 2249 1204 2284 ab
1226 2249 1299 2284 oris

150 2319 371 2360 exspectate
392 2313 526 2349 venis?
580 2313 634 2350 Ut
656 2319 692 2349 te
713 2319 801 2360 post
823 2312 942 2348 multa
962 2319 1113 2349 tuorum

149 2377 292 2422 funera,
314 2385 401 2425 post
421 2378 543 2414 varios
564 2377 844 2425 hominumque
866 2378 1045 2425 urbisque
1067 2378 1217 2414 labores

151 2440 289 2478 defessi
310 2441 517 2489 aspicimus
537 2444 543 2479 1
603 2442 714 2489 Quae
735 2454 851 2478 causa
872 2442 1029 2490 indigna
1049 2455 1202 2479 serenos

151 2505 320 2542 foedavit
340 2506 491 2543 voltus?
547 2508 622 2543 Aut
642 2519 710 2542 cur
731 2506 826 2542 haec
848 2506 1003 2543 volnera
1023 2509 1189 2543 cerno?'

1491 499 1545 527 255

1492 817 1547 844 260

1492 1143 1546 1178 265

1493 1477 1548 1503 270

1493 1802 1547 1829 275

1495 2119 1549 2145 280

1495 2450 1511 2468 10

1515 2443 1548 2456 ο,

1515 2457 1548 2477 ⁰>
