1690 2734
147 216 199 244 22
642 200 855 243 Pastoral
880 203 1050 243 Poems.

145 330 178 364 A
199 334 236 364 te
257 327 501 377 principium,
522 327 590 364 tibi
612 326 787 364 desinam
805 341 811 363 :
843 326 978 374 accipe
1001 326 1108 363 iussis

145 393 314 429 carmina
335 399 476 441 coepta
494 392 578 438 tuis,
601 398 714 440 atque
736 391 835 428 hanc
857 391 937 427 sine
959 397 1135 439 tempora
1155 391 1300 427 circum

144 458 242 494 inter
262 458 437 494 victrices
458 457 643 493 hederam
663 456 731 493 tibi
752 468 904 504 serpere
925 456 1061 492 laurus.

200 523 354 581 Frigida
373 523 435 558 vix
455 522 563 558 caelo
584 521 709 558 noctis
731 520 950 557 decesserat
970 521 1115 567 umbra,

144 601 233 625 cum
253 576 314 624 ros
335 587 373 624 in
393 594 527 624 tenera
546 586 679 635 pecori
699 586 932 634 gratissimus
954 586 1082 632 herba,

143 653 372 689 incumbens
393 652 503 688 tereti
525 652 680 688 Damon
703 651 757 687 sic
778 651 908 699 coepit
929 651 1063 688 olivae.

143 719 198 754 D.
240 718 423 762 Nascere,
445 728 614 764 praeque
636 715 741 752 diem
760 716 918 752 veniens
939 728 1022 764 age,
1046 715 1210 761 Lucifer,
1232 715 1386 760 almum,

144 782 317 830 coniugis
339 781 500 829 indigno
523 781 640 817 Nisae
663 780 850 829 deceptus
872 793 1002 817 amore

143 847 236 883 dum
257 859 406 894 queror,
429 852 466 882 et
487 845 608 891 divos,
630 858 863 894 quamquam
884 846 935 882 nil
956 846 1115 882 testibus
1138 845 1207 882 illis

142 912 301 960 profeci,
324 918 495 948 extrema
514 911 682 947 moriens
709 917 838 947 tamen
860 911 1048 958 adloquor
1068 911 1174 947 hora.

198 976 333 1024 Incipe
356 976 569 1013 Maenalios
591 988 758 1021 mecum,
780 988 867 1012 mea
886 976 990 1021 tibia,
1011 988 1152 1012 versus.

143 1041 346 1078 Maenalus
366 1047 619 1088 argutumque
640 1052 776 1076 nemus
796 1040 987 1088 pinosque
1008 1040 1199 1088 loquentis

142 1118 296 1154 semper
316 1106 458 1151 habet3
489 1098 642 1153 semper
662 1111 859 1153 pastorum
880 1105 939 1141 ille
962 1105 1067 1141 audit
1089 1117 1250 1150 amores,

143 1173 337 1219 Panaque,
360 1171 424 1219 qui
445 1171 589 1218 primus
610 1170 779 1206 calamos
800 1182 880 1206 non
900 1182 1033 1218 passus
1054 1170 1195 1207 inertis.

196 1236 333 1284 Incipe
355 1236 569 1272 Maenalios
591 1247 757 1280 mecum,
779 1247 866 1271 mea
887 1235 990 1280 tibia,
1012 1247 1152 1271 versus.

142 1302 287 1349 Mopso
310 1301 405 1337 Nisa
425 1300 558 1336 datur:
591 1299 684 1348 quid
704 1312 784 1336 non
805 1312 1001 1347 speremus
1023 1300 1222 1336 amantes?

143 1367 354 1414 Iungentur
374 1366 448 1401 iam
469 1377 606 1413 grypes
628 1365 747 1413 equis,
771 1377 943 1413 aevoque
965 1365 1139 1412 sequenti

142 1444 231 1467 cum
252 1431 410 1467 canibus
431 1429 554 1466 timidi
575 1430 731 1466 venient
753 1429 802 1465 ad
823 1430 964 1478 pocula
984 1429 1175 1466 dammae.

142 1497 295 1544 Mopse,
317 1508 435 1532 novas
457 1494 585 1531 incide
608 1495 735 1531 faces:
768 1495 834 1531 tibi
857 1494 1008 1531 ducitur
1027 1507 1148 1540 uxor;

141 1573 292 1609 sparge,
314 1561 459 1605 marite,
481 1572 601 1596 nuces
619 1574 625 1596 :
658 1560 726 1597 tibi
747 1559 887 1596 deserit
912 1561 1112 1607 Hesperus
1134 1559 1286 1596 Oetam.

195 1626 331 1673 Incipe
355 1625 569 1661 Maenalios
590 1636 756 1669 mecum,
778 1636 865 1660 mea
885 1624 989 1669 tibia,
1011 1636 1153 1660 versus.

141 1691 177 1728 O
199 1690 316 1738 digno
338 1690 546 1726 coniuncta
565 1689 657 1734 viro,
680 1688 773 1725 dum
794 1688 962 1736 despicis
983 1701 1131 1733 omnes,

141 1755 311 1803 dumque
333 1754 400 1791 tibi
422 1760 478 1790 est
499 1754 591 1790 odio
613 1766 700 1790 mea
720 1753 855 1799 fistula,
879 1753 1048 1801 dumque
1070 1753 1253 1801 capellae,

139 1820 402 1867 hirsutumque
424 1819 671 1866 supercilium
692 1819 955 1866 promissaque
978 1818 1105 1862 barba,

139 1896 214 1920 nec
234 1896 365 1920 curare
387 1883 504 1920 deum
526 1883 650 1919 credis
672 1883 846 1919 mortalia
867 1895 1100 1931 quemquam
1120 1885 1126 1918 1

195 1949 331 1996 Incipe
354 1948 568 1985 Maenalios
591 1960 758 1991 mecum,
780 1960 867 1984 mea
887 1947 990 1992 tibia,
1012 1960 1153 1983 versus.

139 2014 324 2061 Saepibus
347 2013 383 2049 in
405 2013 542 2049 nostris
564 2025 720 2060 parvam
740 2018 777 2048 te
799 2011 951 2048 roscida
970 2012 1133 2047 mala-—

139 2078 218 2115 dux
238 2090 311 2126 ego
332 2084 457 2113 vester
478 2089 582 2113 eram
595 2099 647 2103 ——
660 2076 739 2113 vidi
760 2089 849 2112 cum
870 2083 988 2112 matre
1011 2076 1217 2123 legentem.

137 2144 243 2195 Alter
263 2143 312 2179 ab
332 2141 541 2178 undecimo
563 2148 644 2178 tum
665 2154 726 2177 me
749 2142 824 2177 iam
845 2147 1049 2189 acceperat
1070 2153 1192 2177 annus
1209 2154 1218 2186 3

138 2198 214 2244 iam
234 2206 372 2254 fragilis
394 2211 570 2254 poteram
590 2206 638 2242 ab
658 2213 757 2242 terra
777 2206 1001 2254 contingere
1024 2217 1164 2242 ramos.-
1182 2230 1186 2232 ἡ

139 2273 193 2309 Ut
212 2271 301 2315 vidi,
323 2278 363 2307 ut
384 2271 479 2318 perii
499 2273 505 2307 1
554 2272 608 2308 Ut
628 2283 689 2306 me
711 2271 830 2307 malus
851 2271 1003 2307 abstulit
1025 2282 1127 2306 error
1146 2272 1152 2306 !

193 2336 328 2384 Incipe
352 2336 567 2372 Maenalios
587 2347 754 2380 mecum,
776 2347 863 2371 mea
884 2335 985 2380 tibia,
1006 2347 1148 2371 versus.

139 2401 255 2438 Nunc
276 2401 369 2446 scio,
391 2400 485 2447 quid
507 2400 552 2436 sit
572 2401 714 2436 Amor:
750 2399 852 2436 duris
874 2400 911 2436 in
933 2400 1082 2436 cotibus
1103 2399 1207 2434 illum

192 2481 217 2502 11
233 2482 356 2510 desinet.
382 2481 423 2509 H.
502 2480 530 2500 20
547 2481 709 2517 adloquar.
733 2481 768 2508 R.
846 2479 874 2499 27
884 2481 1026 2517 gwyplzes.
1051 2480 1091 2508 H.

193 2531 218 2551 14
234 2532 324 2559 coelo.
348 2532 389 2559 H.
845 2528 873 2549 28
890 2530 997 2566 incipe,
1013 2534 1078 2562 etc„
1095 2529 1230 2556 inserted
1246 2529 1307 2556 bet.
1323 2529 1357 2555 28
1374 2529 1436 2555 and
1452 2537 1496 2562 29.

1395 208 1543 249 [BUCOL.

1507 933 1543 951 20

1506 1255 1540 1285 25

1502 1581 1541 1609 30

1501 2211 1563 2254 4<>’
