<?xml version="1.0" encoding="UTF-8"?>
<!DOCTYPE html PUBLIC "-//W3C//DTD XHTML 1.0 Transitional//EN"
    "http://www.w3.org/TR/xhtml1/DTD/xhtml1-transitional.dtd">
<html xmlns="http://www.w3.org/1999/xhtml" xml:lang="en" lang="en">
 <head>
  <title>
</title>
<meta http-equiv="Content-Type" content="text/html;charset=utf-8" />
  <meta name='ocr-system' content='tesseract 3.04.00' />
  <meta name='ocr-capabilities' content='ocr_page ocr_carea ocr_par ocr_line ocrx_word'/>
</head>
<body>
  <div class='ocr_page' id='page_1' title='image "./bucolicaaeneisge00virguoft/bucolicaaeneisge00virguoft_0089.png"; bbox 0 0 1690 2734; ppageno 0'>
   <div class='ocr_carea' id='block_1_1' title="bbox 124 195 1044 247">
    <p class='ocr_par' dir='ltr' id='par_1_1' title="bbox 124 195 1044 247">
     <span class='ocr_line' id='line_1_1' title="bbox 124 195 1044 247; baseline -0.001 -11"><span class='ocrx_word' id='word_1_1' title='bbox 124 205 150 236; x_wconf 95' lang='grc' dir='ltr'>Ῑ.</span> <span class='ocrx_word' id='word_1_2' title='bbox 168 203 259 247; x_wconf 88' lang='lat'>659.]</span> <span class='ocrx_word' id='word_1_3' title='bbox 593 197 660 236; x_wconf 46' lang='grc' dir='ltr'>ΛΕ</span> <span class='ocrx_word' id='word_1_4' title='bbox 663 211 766 236; x_wconf 77' lang='lat' dir='ltr'>neas</span> <span class='ocrx_word' id='word_1_5' title='bbox 797 195 892 235; x_wconf 74' lang='lat' dir='ltr'>aud</span> <span class='ocrx_word' id='word_1_6' title='bbox 917 195 1044 235; x_wconf 73' lang='lat' dir='ltr'><em>Dido.</em></span> 
     </span>
    </p>
   </div>
   <div class='ocr_carea' id='block_1_2' title="bbox 123 319 1218 1473">
    <p class='ocr_par' dir='ltr' id='par_1_2' title="bbox 123 319 1218 1473">
     <span class='ocr_line' id='line_1_2' title="bbox 123 319 1211 369; baseline -0.001 -12"><span class='ocrx_word' id='word_1_7' title='bbox 123 333 241 369; x_wconf 86' lang='lat' dir='ltr'>seque</span> <span class='ocrx_word' id='word_1_8' title='bbox 262 327 386 358; x_wconf 88' lang='lat' dir='ltr'>ortum</span> <span class='ocrx_word' id='word_1_9' title='bbox 408 320 564 368; x_wconf 87' lang='lat' dir='ltr'>antiqua</span> <span class='ocrx_word' id='word_1_10' title='bbox 583 320 822 356; x_wconf 80' lang='lat' dir='ltr'>Teucrorum</span> <span class='ocrx_word' id='word_1_11' title='bbox 842 319 890 355; x_wconf 87' lang='lat' dir='ltr'>ab</span> <span class='ocrx_word' id='word_1_12' title='bbox 911 319 1026 366; x_wconf 83' lang='lat' dir='ltr'>stirpe</span> <span class='ocrx_word' id='word_1_13' title='bbox 1047 320 1211 356; x_wconf 81' lang='lat' dir='ltr'>volebat.</span> 
     </span>
     <span class='ocr_line' id='line_1_3' title="bbox 124 383 1170 433; baseline -0.001 -11"><span class='ocrx_word' id='word_1_14' title='bbox 124 386 253 433; x_wconf 82' lang='lat' dir='ltr'><strong>Quare</strong></span> <span class='ocrx_word' id='word_1_15' title='bbox 275 385 385 433; x_wconf 88' lang='lat' dir='ltr'>agite,</span> <span class='ocrx_word' id='word_1_16' title='bbox 409 386 444 422; x_wconf 95' lang='lat' dir='ltr'>O</span> <span class='ocrx_word' id='word_1_17' title='bbox 466 386 588 431; x_wconf 87' lang='lat' dir='ltr'>tectis,</span> <span class='ocrx_word' id='word_1_18' title='bbox 610 385 779 429; x_wconf 73' lang='lat' dir='ltr'>iuvenes,</span> <span class='ocrx_word' id='word_1_19' title='bbox 802 383 1000 420; x_wconf 77' lang='lat' dir='ltr'>succedite</span> <span class='ocrx_word' id='word_1_20' title='bbox 1022 385 1170 421; x_wconf 76' lang='lat' dir='ltr'>nostris.</span> 
     </span>
     <span class='ocr_line' id='line_1_4' title="bbox 125 449 1109 498; baseline -0.003 -11"><span class='ocrx_word' id='word_1_21' title='bbox 125 451 191 487; x_wconf 87' lang='lat' dir='ltr'>Me</span> <span class='ocrx_word' id='word_1_22' title='bbox 213 463 367 498; x_wconf 84' lang='lat' dir='ltr'>quoque</span> <span class='ocrx_word' id='word_1_23' title='bbox 389 462 457 498; x_wconf 91' lang='lat' dir='ltr'>per</span> <span class='ocrx_word' id='word_1_24' title='bbox 477 450 617 486; x_wconf 87' lang='lat' dir='ltr'>multos</span> <span class='ocrx_word' id='word_1_25' title='bbox 639 450 769 486; x_wconf 88' lang='lat' dir='ltr'>similis</span> <span class='ocrx_word' id='word_1_26' title='bbox 790 449 940 485; x_wconf 89' lang='lat' dir='ltr'>fortuna</span> <span class='ocrx_word' id='word_1_27' title='bbox 960 449 1109 485; x_wconf 84' lang='lat' dir='ltr'>labores</span> 
     </span>
     <span class='ocr_line' id='line_1_5' title="bbox 123 514 1073 552; baseline -0.002 -1"><span class='ocrx_word' id='word_1_28' title='bbox 123 516 300 552; x_wconf 85' lang='lat' dir='ltr'>iactatam</span> <span class='ocrx_word' id='word_1_29' title='bbox 323 515 395 551; x_wconf 86' lang='lat' dir='ltr'>hac</span> <span class='ocrx_word' id='word_1_30' title='bbox 417 514 576 552; x_wconf 88' lang='lat' dir='ltr'>demum</span> <span class='ocrx_word' id='word_1_31' title='bbox 596 515 714 551; x_wconf 91' lang='lat' dir='ltr'>voluit</span> <span class='ocrx_word' id='word_1_32' title='bbox 735 514 944 550; x_wconf 76' lang='lat' dir='ltr'>consistere</span> <span class='ocrx_word' id='word_1_33' title='bbox 966 520 1073 550; x_wconf 88' lang='lat' dir='ltr'>terra.</span> 
     </span>
     <span class='ocr_line' id='line_1_6' title="bbox 124 578 1053 628; baseline -0.003 -11"><span class='ocrx_word' id='word_1_34' title='bbox 124 581 214 617; x_wconf 87' lang='lat' dir='ltr'>Non</span> <span class='ocrx_word' id='word_1_35' title='bbox 236 580 365 628; x_wconf 86' lang='lat' dir='ltr'>ignara</span> <span class='ocrx_word' id='word_1_36' title='bbox 385 580 485 625; x_wconf 89' lang='lat' dir='ltr'>mali,</span> <span class='ocrx_word' id='word_1_37' title='bbox 509 580 654 617; x_wconf 82' lang='lat' dir='ltr'>miseris</span> <span class='ocrx_word' id='word_1_38' title='bbox 675 591 896 616; x_wconf 74' lang='lat' dir='ltr'>succurrere</span> <span class='ocrx_word' id='word_1_39' title='bbox 917 578 1053 615; x_wconf 54' lang='lat' dir='ltr'>discos</span> 
     </span>
     <span class='ocr_line' id='line_1_7' title="bbox 177 644 1105 692; baseline -0.001 -11"><span class='ocrx_word' id='word_1_40' title='bbox 177 646 237 682; x_wconf 85' lang='lat' dir='ltr'>Sic</span> <span class='ocrx_word' id='word_1_41' title='bbox 258 652 471 691; x_wconf 68' lang='lat' dir='ltr'>memorat,</span> <span class='ocrx_word' id='word_1_42' title='bbox 503 645 615 681; x_wconf 88' lang='lat' dir='ltr'>simul</span> <span class='ocrx_word' id='word_1_43' title='bbox 636 646 795 681; x_wconf 79' lang='lat' dir='ltr'>Aenean</span> <span class='ocrx_word' id='word_1_44' title='bbox 818 645 851 681; x_wconf 89' lang='lat' dir='ltr'>in</span> <span class='ocrx_word' id='word_1_45' title='bbox 875 645 979 692; x_wconf 82' lang='lat' dir='ltr'>regia</span> <span class='ocrx_word' id='word_1_46' title='bbox 998 644 1105 681; x_wconf 85' lang='lat' dir='ltr'>ducit</span> 
     </span>
     <span class='ocr_line' id='line_1_8' title="bbox 124 709 1070 758; baseline -0.002 -11"><span class='ocrx_word' id='word_1_47' title='bbox 124 718 236 755; x_wconf 87' lang='lat' dir='ltr'>tecta,</span> <span class='ocrx_word' id='word_1_48' title='bbox 258 711 369 747; x_wconf 85' lang='lat' dir='ltr'>simul</span> <span class='ocrx_word' id='word_1_49' title='bbox 390 710 520 746; x_wconf 86' lang='lat' dir='ltr'>divom</span> <span class='ocrx_word' id='word_1_50' title='bbox 542 710 693 758; x_wconf 88' lang='lat' dir='ltr'>templis</span> <span class='ocrx_word' id='word_1_51' title='bbox 715 709 850 746; x_wconf 81' lang='lat' dir='ltr'>indicit</span> <span class='ocrx_word' id='word_1_52' title='bbox 871 709 1070 746; x_wconf 80' lang='lat' dir='ltr'>honorem.</span> 
     </span>
     <span class='ocr_line' id='line_1_9' title="bbox 126 774 986 812; baseline -0.002 0"><span class='ocrx_word' id='word_1_53' title='bbox 126 776 209 812; x_wconf 89' lang='lat' dir='ltr'>Nec</span> <span class='ocrx_word' id='word_1_54' title='bbox 231 776 355 812; x_wconf 87' lang='lat' dir='ltr'>minus</span> <span class='ocrx_word' id='word_1_55' title='bbox 376 776 522 811; x_wconf 84' lang='lat' dir='ltr'>interea</span> <span class='ocrx_word' id='word_1_56' title='bbox 541 775 654 811; x_wconf 86' lang='lat' dir='ltr'>sociis</span> <span class='ocrx_word' id='word_1_57' title='bbox 675 774 724 811; x_wconf 80' lang='lat' dir='ltr'>ad</span> <span class='ocrx_word' id='word_1_58' title='bbox 745 774 854 811; x_wconf 83' lang='lat' dir='ltr'>litora</span> <span class='ocrx_word' id='word_1_59' title='bbox 876 775 986 810; x_wconf 87' lang='lat' dir='ltr'>mittit</span> 
     </span>
     <span class='ocr_line' id='line_1_10' title="bbox 123 840 1058 888; baseline -0.001 -12"><span class='ocrx_word' id='word_1_60' title='bbox 123 840 253 888; x_wconf 85' lang='lat' dir='ltr'>viginti</span> <span class='ocrx_word' id='word_1_61' title='bbox 274 847 414 886; x_wconf 79' lang='lat' dir='ltr'>tauros,</span> <span class='ocrx_word' id='word_1_62' title='bbox 438 852 665 888; x_wconf 84' lang='lat' dir='ltr'>magnorum</span> <span class='ocrx_word' id='word_1_63' title='bbox 687 840 879 876; x_wconf 81' lang='lat' dir='ltr'>horrentia</span> <span class='ocrx_word' id='word_1_64' title='bbox 901 846 1058 876; x_wconf 87' lang='lat' dir='ltr'>centum</span> 
     </span>
     <span class='ocr_line' id='line_1_11' title="bbox 123 905 1193 953; baseline 0.001 -12"><span class='ocrx_word' id='word_1_65' title='bbox 123 911 228 953; x_wconf 84' lang='lat' dir='ltr'>terga</span> <span class='ocrx_word' id='word_1_66' title='bbox 248 918 372 951; x_wconf 88' lang='lat' dir='ltr'>suum,</span> <span class='ocrx_word' id='word_1_67' title='bbox 394 905 546 953; x_wconf 82' lang='lat' dir='ltr'>pinguis</span> <span class='ocrx_word' id='word_1_68' title='bbox 567 911 726 941; x_wconf 90' lang='lat' dir='ltr'>centum</span> <span class='ocrx_word' id='word_1_69' title='bbox 749 917 835 940; x_wconf 90' lang='lat' dir='ltr'>cum</span> <span class='ocrx_word' id='word_1_70' title='bbox 858 905 1039 941; x_wconf 82' lang='lat' dir='ltr'>matribus</span> <span class='ocrx_word' id='word_1_71' title='bbox 1061 917 1193 953; x_wconf 79' lang='lat' dir='ltr'>agnos,</span> 
     </span>
     <span class='ocr_line' id='line_1_12' title="bbox 124 969 649 1017; baseline -0.002 -11"><span class='ocrx_word' id='word_1_72' title='bbox 124 982 283 1006; x_wconf 87' lang='lat' dir='ltr'>munera</span> <span class='ocrx_word' id='word_1_73' title='bbox 303 970 562 1017; x_wconf 78' lang='lat' dir='ltr'>laetitiamque</span> <span class='ocrx_word' id='word_1_74' title='bbox 585 969 649 1006; x_wconf 88' lang='lat' dir='ltr'>dii.</span> 
     </span>
     <span class='ocr_line' id='line_1_13' title="bbox 178 1034 1030 1083; baseline 0.001 -12"><span class='ocrx_word' id='word_1_75' title='bbox 178 1037 226 1071; x_wconf 75' lang='lat' dir='ltr'>At</span> <span class='ocrx_word' id='word_1_76' title='bbox 247 1034 386 1072; x_wconf 81' lang='lat' dir='ltr'>domus</span> <span class='ocrx_word' id='word_1_77' title='bbox 408 1035 562 1071; x_wconf 90' lang='lat' dir='ltr'>interior</span> <span class='ocrx_word' id='word_1_78' title='bbox 581 1035 696 1083; x_wconf 86' lang='lat' dir='ltr'>regali</span> <span class='ocrx_word' id='word_1_79' title='bbox 718 1034 920 1083; x_wconf 82' lang='lat' dir='ltr'>splendida</span> <span class='ocrx_word' id='word_1_80' title='bbox 941 1035 1030 1072; x_wconf 81' lang='lat' dir='ltr'>luxu</span> 
     </span>
     <span class='ocr_line' id='line_1_14' title="bbox 125 1099 1074 1148; baseline 0 -11"><span class='ocrx_word' id='word_1_81' title='bbox 125 1100 329 1145; x_wconf 79' lang='lat' dir='ltr'>instruitur,</span> <span class='ocrx_word' id='word_1_82' title='bbox 351 1099 566 1148; x_wconf 79' lang='lat' dir='ltr'>mediisque</span> <span class='ocrx_word' id='word_1_83' title='bbox 588 1107 725 1148; x_wconf 86' lang='lat' dir='ltr'>parant</span> <span class='ocrx_word' id='word_1_84' title='bbox 746 1101 920 1136; x_wconf 81' lang='lat' dir='ltr'>convivia</span> <span class='ocrx_word' id='word_1_85' title='bbox 941 1101 1050 1137; x_wconf 82' lang='lat' dir='ltr'>tectis</span> <span class='ocrx_word' id='word_1_86' title='bbox 1068 1115 1074 1137; x_wconf 88' lang='lat'><strong>:</strong></span> 
     </span>
     <span class='ocr_line' id='line_1_15' title="bbox 123 1165 961 1213; baseline -0.001 -11"><span class='ocrx_word' id='word_1_87' title='bbox 123 1172 202 1202; x_wconf 87' lang='lat' dir='ltr'>arte</span> <span class='ocrx_word' id='word_1_88' title='bbox 224 1166 417 1202; x_wconf 78' lang='lat' dir='ltr'>laboratae</span> <span class='ocrx_word' id='word_1_89' title='bbox 439 1172 562 1201; x_wconf 85' lang='lat' dir='ltr'>vestes</span> <span class='ocrx_word' id='word_1_90' title='bbox 579 1171 761 1213; x_wconf 89' lang='lat' dir='ltr'>ostroque</span> <span class='ocrx_word' id='word_1_91' title='bbox 783 1165 961 1213; x_wconf 85' lang='lat' dir='ltr'>superbo,</span> 
     </span>
     <span class='ocr_line' id='line_1_16' title="bbox 126 1230 1074 1278; baseline 0 -12"><span class='ocrx_word' id='word_1_92' title='bbox 126 1231 259 1278; x_wconf 83' lang='lat' dir='ltr'>ingens</span> <span class='ocrx_word' id='word_1_93' title='bbox 282 1236 481 1278; x_wconf 85' lang='lat' dir='ltr'>argentum</span> <span class='ocrx_word' id='word_1_94' title='bbox 502 1230 655 1275; x_wconf 80' lang='lat' dir='ltr'>mensis,</span> <span class='ocrx_word' id='word_1_95' title='bbox 679 1230 902 1278; x_wconf 77' lang='lat' dir='ltr'>caelataque</span> <span class='ocrx_word' id='word_1_96' title='bbox 924 1231 961 1266; x_wconf 87' lang='lat' dir='ltr'>in</span> <span class='ocrx_word' id='word_1_97' title='bbox 983 1243 1074 1266; x_wconf 86' lang='lat' dir='ltr'>auro</span> 
     </span>
     <span class='ocr_line' id='line_1_17' title="bbox 124 1295 1063 1343; baseline 0 -12"><span class='ocrx_word' id='word_1_98' title='bbox 124 1296 235 1332; x_wconf 83' lang='lat' dir='ltr'>fortia</span> <span class='ocrx_word' id='word_1_99' title='bbox 255 1295 356 1331; x_wconf 86' lang='lat' dir='ltr'>facta</span> <span class='ocrx_word' id='word_1_100' title='bbox 376 1302 539 1343; x_wconf 87' lang='lat' dir='ltr'>patrum,</span> <span class='ocrx_word' id='word_1_101' title='bbox 561 1295 676 1332; x_wconf 87' lang='lat' dir='ltr'>series</span> <span class='ocrx_word' id='word_1_102' title='bbox 698 1296 920 1343; x_wconf 79' lang='lat' dir='ltr'>longissima</span> <span class='ocrx_word' id='word_1_103' title='bbox 939 1308 1063 1332; x_wconf 88' lang='lat' dir='ltr'>rerum</span> 
     </span>
     <span class='ocr_line' id='line_1_18' title="bbox 125 1360 1093 1409; baseline 0 -13"><span class='ocrx_word' id='word_1_104' title='bbox 125 1373 192 1408; x_wconf 89' lang='lat' dir='ltr'>per</span> <span class='ocrx_word' id='word_1_105' title='bbox 212 1366 268 1396; x_wconf 92' lang='lat' dir='ltr'>tot</span> <span class='ocrx_word' id='word_1_106' title='bbox 289 1360 407 1396; x_wconf 86' lang='lat' dir='ltr'>ducta</span> <span class='ocrx_word' id='word_1_107' title='bbox 427 1360 524 1396; x_wconf 81' lang='lat' dir='ltr'>viros</span> <span class='ocrx_word' id='word_1_108' title='bbox 546 1360 702 1408; x_wconf 85' lang='lat' dir='ltr'>antiqua</span> <span class='ocrx_word' id='word_1_109' title='bbox 722 1361 770 1397; x_wconf 86' lang='lat' dir='ltr'>ab</span> <span class='ocrx_word' id='word_1_110' title='bbox 791 1361 937 1409; x_wconf 81' lang='lat' dir='ltr'>origine</span> <span class='ocrx_word' id='word_1_111' title='bbox 958 1361 1093 1408; x_wconf 82' lang='lat' dir='ltr'>gentis.</span> 
     </span>
     <span class='ocr_line' id='line_1_19' title="bbox 178 1426 1218 1473; baseline 0 -11"><span class='ocrx_word' id='word_1_112' title='bbox 178 1426 329 1462; x_wconf 84' lang='lat' dir='ltr'>Aeneas</span> <span class='ocrx_word' id='word_1_113' title='bbox 357 1427 506 1473; x_wconf 89' lang='lat' dir='ltr'>(neque</span> <span class='ocrx_word' id='word_1_114' title='bbox 528 1426 631 1462; x_wconf 89' lang='lat' dir='ltr'>enim</span> <span class='ocrx_word' id='word_1_115' title='bbox 653 1426 795 1473; x_wconf 86' lang='lat' dir='ltr'>patrius</span> <span class='ocrx_word' id='word_1_116' title='bbox 817 1426 1026 1462; x_wconf 79' lang='lat' dir='ltr'>consistere</span> <span class='ocrx_word' id='word_1_117' title='bbox 1048 1434 1218 1462; x_wconf 86' lang='lat' dir='ltr'>mentem</span> 
     </span>
    </p>
   </div>
   <div class='ocr_carea' id='block_1_3' title="bbox 124 1490 1244 1540">
    <p class='ocr_par' dir='ltr' id='par_1_3' title="bbox 124 1490 1244 1540">
     <span class='ocr_line' id='line_1_20' title="bbox 124 1490 1244 1540; baseline -0.001 -12"><span class='ocrx_word' id='word_1_118' title='bbox 124 1503 258 1540; x_wconf 83' lang='lat' dir='ltr'>passus</span> <span class='ocrx_word' id='word_1_119' title='bbox 279 1491 404 1539; x_wconf 84' lang='lat' dir='ltr'>amor)</span> <span class='ocrx_word' id='word_1_120' title='bbox 432 1490 608 1539; x_wconf 88' lang='lat' dir='ltr'>rapidum</span> <span class='ocrx_word' id='word_1_121' title='bbox 631 1491 680 1527; x_wconf 80' lang='lat' dir='ltr'>ad</span> <span class='ocrx_word' id='word_1_122' title='bbox 703 1492 807 1527; x_wconf 90' lang='lat' dir='ltr'>navis</span> <span class='ocrx_word' id='word_1_123' title='bbox 830 1492 1036 1539; x_wconf 87' lang='lat' dir='ltr'>praemittit</span> <span class='ocrx_word' id='word_1_124' title='bbox 1057 1491 1244 1535; x_wconf 78' lang='lat' dir='ltr'>Achaten,</span> 
     </span>
    </p>
   </div>
   <div class='ocr_carea' id='block_1_4' title="bbox 124 1556 1212 2515">
    <p class='ocr_par' dir='ltr' id='par_1_4' title="bbox 124 1556 1175 1605">
     <span class='ocr_line' id='line_1_21' title="bbox 124 1556 1175 1605; baseline -0.001 -12"><span class='ocrx_word' id='word_1_125' title='bbox 124 1557 292 1593; x_wconf 87' lang='lat' dir='ltr'>Ascanio</span> <span class='ocrx_word' id='word_1_126' title='bbox 313 1557 406 1593; x_wconf 84' lang='lat' dir='ltr'>ferat</span> <span class='ocrx_word' id='word_1_127' title='bbox 427 1556 535 1602; x_wconf 78' lang='lat' dir='ltr'>haec,</span> <span class='ocrx_word' id='word_1_128' title='bbox 559 1557 763 1605; x_wconf 86' lang='lat' dir='ltr'>ipsumque</span> <span class='ocrx_word' id='word_1_129' title='bbox 787 1556 837 1593; x_wconf 84' lang='lat' dir='ltr'>ad</span> <span class='ocrx_word' id='word_1_130' title='bbox 858 1557 1012 1592; x_wconf 82' lang='lat' dir='ltr'>moenia</span> <span class='ocrx_word' id='word_1_131' title='bbox 1033 1556 1149 1593; x_wconf 82' lang='lat' dir='ltr'>ducat</span> <span class='ocrx_word' id='word_1_132' title='bbox 1167 1571 1175 1602; x_wconf 74' lang='lat'>3</span> 
     </span>
    </p>

    <p class='ocr_par' dir='ltr' id='par_1_5' title="bbox 124 1623 1000 1670">
     <span class='ocr_line' id='line_1_22' title="bbox 124 1623 1000 1670; baseline -0.001 -11"><span class='ocrx_word' id='word_1_133' title='bbox 124 1623 250 1659; x_wconf 86' lang='lat' dir='ltr'>omnis</span> <span class='ocrx_word' id='word_1_134' title='bbox 272 1623 309 1659; x_wconf 90' lang='lat' dir='ltr'>in</span> <span class='ocrx_word' id='word_1_135' title='bbox 331 1623 498 1659; x_wconf 84' lang='lat' dir='ltr'>Ascanio</span> <span class='ocrx_word' id='word_1_136' title='bbox 521 1623 596 1658; x_wconf 83' lang='lat' dir='ltr'>cari</span> <span class='ocrx_word' id='word_1_137' title='bbox 618 1629 690 1658; x_wconf 86' lang='lat' dir='ltr'>stat</span> <span class='ocrx_word' id='word_1_138' title='bbox 711 1635 802 1658; x_wconf 84' lang='lat' dir='ltr'>cura</span> <span class='ocrx_word' id='word_1_139' title='bbox 822 1623 1000 1670; x_wconf 85' lang='lat' dir='ltr'>parentis.</span> 
     </span>
    </p>

    <p class='ocr_par' dir='ltr' id='par_1_6' title="bbox 126 1687 970 1736">
     <span class='ocr_line' id='line_1_23' title="bbox 126 1687 970 1736; baseline -0.001 -12"><span class='ocrx_word' id='word_1_140' title='bbox 126 1689 290 1724; x_wconf 79' lang='lat' dir='ltr'>Munera</span> <span class='ocrx_word' id='word_1_141' title='bbox 310 1694 518 1736; x_wconf 87' lang='lat' dir='ltr'>praeterea,</span> <span class='ocrx_word' id='word_1_142' title='bbox 543 1687 669 1724; x_wconf 76' lang='lat' dir='ltr'>Iliacis</span> <span class='ocrx_word' id='word_1_143' title='bbox 690 1694 822 1735; x_wconf 87' lang='lat' dir='ltr'>erepta</span> <span class='ocrx_word' id='word_1_144' title='bbox 843 1687 970 1732; x_wconf 85' lang='lat' dir='ltr'>ruinis,</span> 
     </span>
    </p>

    <p class='ocr_par' dir='ltr' id='par_1_7' title="bbox 125 1753 1069 1802">
     <span class='ocr_line' id='line_1_24' title="bbox 125 1753 1069 1802; baseline -0.001 -12"><span class='ocrx_word' id='word_1_145' title='bbox 125 1754 219 1790; x_wconf 87' lang='lat' dir='ltr'>ferre</span> <span class='ocrx_word' id='word_1_146' title='bbox 241 1754 357 1798; x_wconf 83' lang='lat' dir='ltr'>iubet,</span> <span class='ocrx_word' id='word_1_147' title='bbox 379 1753 517 1802; x_wconf 87' lang='lat' dir='ltr'>pallam</span> <span class='ocrx_word' id='word_1_148' title='bbox 540 1753 655 1801; x_wconf 82' lang='lat' dir='ltr'>signis</span> <span class='ocrx_word' id='word_1_149' title='bbox 676 1765 853 1800; x_wconf 88' lang='lat' dir='ltr'>auroque·</span> <span class='ocrx_word' id='word_1_150' title='bbox 868 1753 1069 1800; x_wconf 82' lang='lat' dir='ltr'>rigentem,</span> 
     </span>
    </p>

    <p class='ocr_par' dir='ltr' id='par_1_8' title="bbox 127 1818 1040 1863">
     <span class='ocr_line' id='line_1_25' title="bbox 127 1818 1040 1863; baseline 0 -9"><span class='ocrx_word' id='word_1_151' title='bbox 127 1825 165 1854; x_wconf 89' lang='lat' dir='ltr'>et</span> <span class='ocrx_word' id='word_1_152' title='bbox 186 1819 479 1854; x_wconf 82' lang='lat' dir='ltr'>circumtextum</span> <span class='ocrx_word' id='word_1_153' title='bbox 501 1830 642 1854; x_wconf 88' lang='lat' dir='ltr'>croceo</span> <span class='ocrx_word' id='word_1_154' title='bbox 663 1818 839 1854; x_wconf 84' lang='lat' dir='ltr'>velamen</span> <span class='ocrx_word' id='word_1_155' title='bbox 861 1818 1040 1863; x_wconf 76' lang='lat' dir='ltr'>acantho,</span> 
     </span>
    </p>

    <p class='ocr_par' dir='ltr' id='par_1_9' title="bbox 125 1883 1164 1935">
     <span class='ocr_line' id='line_1_26' title="bbox 125 1883 1164 1935; baseline -0.001 -15"><span class='ocrx_word' id='word_1_156' title='bbox 125 1891 279 1920; x_wconf 83' lang='lat' dir='ltr'>ornatus</span> <span class='ocrx_word' id='word_1_157' title='bbox 301 1883 461 1931; x_wconf 83' lang='lat' dir='ltr'>Argivae</span> <span class='ocrx_word' id='word_1_158' title='bbox 486 1883 675 1928; x_wconf 83' lang='lat' dir='ltr'>Helenae,</span> <span class='ocrx_word' id='word_1_159' title='bbox 699 1896 795 1931; x_wconf 84' lang='lat' dir='ltr'>quos</span> <span class='ocrx_word' id='word_1_160' title='bbox 819 1883 879 1919; x_wconf 83' lang='lat' dir='ltr'>illa</span> <span class='ocrx_word' id='word_1_161' title='bbox 901 1884 1090 1932; x_wconf 75' lang='lat' dir='ltr'>Mycenis,</span> <span class='ocrx_word' id='word_1_162' title='bbox 1160 1931 1164 1935; x_wconf 70' lang='lat'>,</span> 
     </span>
    </p>

    <p class='ocr_par' dir='ltr' id='par_1_10' title="bbox 128 1949 1212 1997">
     <span class='ocr_line' id='line_1_27' title="bbox 128 1949 1212 1997; baseline 0 -13"><span class='ocrx_word' id='word_1_163' title='bbox 128 1950 312 1997; x_wconf 84' lang='lat' dir='ltr'>Pergama</span> <span class='ocrx_word' id='word_1_164' title='bbox 333 1961 421 1985; x_wconf 90' lang='lat' dir='ltr'>cum</span> <span class='ocrx_word' id='word_1_165' title='bbox 442 1954 590 1996; x_wconf 88' lang='lat' dir='ltr'>peteret</span> <span class='ocrx_word' id='word_1_166' title='bbox 612 1949 939 1996; x_wconf 81' lang='lat' dir='ltr'>inconcessosque</span> <span class='ocrx_word' id='word_1_167' title='bbox 963 1949 1212 1995; x_wconf 76' lang='lat' dir='ltr'>hymenaeos,</span> 
     </span>
    </p>

    <p class='ocr_par' dir='ltr' id='par_1_11' title="bbox 126 2013 1012 2059">
     <span class='ocr_line' id='line_1_28' title="bbox 126 2013 1012 2059; baseline 0 -9"><span class='ocrx_word' id='word_1_168' title='bbox 126 2014 321 2059; x_wconf 82' lang='lat' dir='ltr'>extulerat,</span> <span class='ocrx_word' id='word_1_169' title='bbox 343 2014 471 2050; x_wconf 85' lang='lat' dir='ltr'>matris</span> <span class='ocrx_word' id='word_1_170' title='bbox 494 2013 624 2050; x_wconf 86' lang='lat' dir='ltr'>Ledae</span> <span class='ocrx_word' id='word_1_171' title='bbox 647 2014 817 2050; x_wconf 80' lang='lat' dir='ltr'>mirabile</span> <span class='ocrx_word' id='word_1_172' title='bbox 841 2013 988 2050; x_wconf 89' lang='lat' dir='ltr'>donum</span> <span class='ocrx_word' id='word_1_173' title='bbox 1007 2028 1012 2050; x_wconf 92' lang='lat'><strong>:</strong></span> 
     </span>
    </p>

    <p class='ocr_par' dir='ltr' id='par_1_12' title="bbox 125 2078 1142 2127">
     <span class='ocr_line' id='line_1_29' title="bbox 125 2078 1142 2127; baseline 0 -12"><span class='ocrx_word' id='word_1_174' title='bbox 125 2085 322 2127; x_wconf 85' lang='lat' dir='ltr'>praeterea</span> <span class='ocrx_word' id='word_1_175' title='bbox 343 2085 550 2126; x_wconf 82' lang='lat' dir='ltr'>sceptrum,</span> <span class='ocrx_word' id='word_1_176' title='bbox 577 2079 698 2115; x_wconf 89' lang='lat' dir='ltr'>Ilione</span> <span class='ocrx_word' id='word_1_177' title='bbox 722 2078 827 2126; x_wconf 82' lang='lat' dir='ltr'>quod</span> <span class='ocrx_word' id='word_1_178' title='bbox 849 2086 1017 2127; x_wconf 85' lang='lat' dir='ltr'>gesserat</span> <span class='ocrx_word' id='word_1_179' title='bbox 1039 2079 1142 2124; x_wconf 86' lang='lat' dir='ltr'>olim,</span> 
     </span>
    </p>

    <p class='ocr_par' dir='ltr' id='par_1_13' title="bbox 125 2143 1028 2191">
     <span class='ocr_line' id='line_1_30' title="bbox 125 2143 1028 2191; baseline 0 -12"><span class='ocrx_word' id='word_1_180' title='bbox 125 2143 293 2180; x_wconf 85' lang='lat' dir='ltr'>maxima</span> <span class='ocrx_word' id='word_1_181' title='bbox 312 2150 487 2180; x_wconf 87' lang='lat' dir='ltr'>natarum</span> <span class='ocrx_word' id='word_1_182' title='bbox 512 2144 662 2189; x_wconf 85' lang='lat' dir='ltr'>Priami,</span> <span class='ocrx_word' id='word_1_183' title='bbox 686 2143 863 2191; x_wconf 89' lang='lat' dir='ltr'>colloque</span> <span class='ocrx_word' id='word_1_184' title='bbox 886 2143 1028 2180; x_wconf 90' lang='lat' dir='ltr'>monile</span> 
     </span>
    </p>

    <p class='ocr_par' dir='ltr' id='par_1_14' title="bbox 124 2206 1187 2256">
     <span class='ocr_line' id='line_1_31' title="bbox 124 2206 1187 2256; baseline 0.001 -12"><span class='ocrx_word' id='word_1_185' title='bbox 124 2208 320 2253; x_wconf 83' lang='lat' dir='ltr'>bacatum,</span> <span class='ocrx_word' id='word_1_186' title='bbox 343 2213 380 2244; x_wconf 86' lang='lat' dir='ltr'>et</span> <span class='ocrx_word' id='word_1_187' title='bbox 400 2206 594 2256; x_wconf 87' lang='lat' dir='ltr'>duplicem</span> <span class='ocrx_word' id='word_1_188' title='bbox 616 2208 778 2256; x_wconf 85' lang='lat' dir='ltr'>gemmis</span> <span class='ocrx_word' id='word_1_189' title='bbox 800 2220 969 2256; x_wconf 87' lang='lat' dir='ltr'>auroque</span> <span class='ocrx_word' id='word_1_190' title='bbox 992 2221 1187 2246; x_wconf 87' lang='lat' dir='ltr'>coronam.</span> 
     </span>
    </p>

    <p class='ocr_par' dir='ltr' id='par_1_15' title="bbox 127 2272 1152 2386">
     <span class='ocr_line' id='line_1_32' title="bbox 127 2272 1117 2310; baseline 0.002 -2"><span class='ocrx_word' id='word_1_191' title='bbox 127 2273 239 2309; x_wconf 81' lang='lat' dir='ltr'>Haec</span> <span class='ocrx_word' id='word_1_192' title='bbox 261 2273 435 2310; x_wconf 86' lang='lat' dir='ltr'>celerans</span> <span class='ocrx_word' id='word_1_193' title='bbox 456 2273 507 2309; x_wconf 87' lang='lat' dir='ltr'>ita</span> <span class='ocrx_word' id='word_1_194' title='bbox 527 2272 576 2309; x_wconf 84' lang='lat' dir='ltr'>ad</span> <span class='ocrx_word' id='word_1_195' title='bbox 598 2285 713 2310; x_wconf 87' lang='lat' dir='ltr'>naves</span> <span class='ocrx_word' id='word_1_196' title='bbox 734 2273 919 2310; x_wconf 85' lang='lat' dir='ltr'>tendebat</span> <span class='ocrx_word' id='word_1_197' title='bbox 940 2273 1117 2310; x_wconf 82' lang='lat' dir='ltr'>Achates.</span> 
     </span>
     <span class='ocr_line' id='line_1_33' title="bbox 178 2338 1152 2386; baseline 0.001 -13"><span class='ocrx_word' id='word_1_198' title='bbox 178 2338 227 2373; x_wconf 85' lang='lat' dir='ltr'>At</span> <span class='ocrx_word' id='word_1_199' title='bbox 248 2338 438 2385; x_wconf 81' lang='lat' dir='ltr'>Cytherea</span> <span class='ocrx_word' id='word_1_200' title='bbox 458 2349 575 2374; x_wconf 87' lang='lat' dir='ltr'>novas</span> <span class='ocrx_word' id='word_1_201' title='bbox 597 2344 706 2382; x_wconf 82' lang='lat' dir='ltr'>artes,</span> <span class='ocrx_word' id='word_1_202' title='bbox 728 2350 828 2374; x_wconf 87' lang='lat' dir='ltr'>nova</span> <span class='ocrx_word' id='word_1_203' title='bbox 848 2345 1007 2386; x_wconf 89' lang='lat' dir='ltr'>pectore</span> <span class='ocrx_word' id='word_1_204' title='bbox 1028 2346 1152 2375; x_wconf 86' lang='lat' dir='ltr'>versat</span> 
     </span>
    </p>

    <p class='ocr_par' dir='ltr' id='par_1_16' title="bbox 127 2402 1033 2451">
     <span class='ocr_line' id='line_1_34' title="bbox 127 2402 1033 2451; baseline 0.002 -14"><span class='ocrx_word' id='word_1_205' title='bbox 127 2402 297 2447; x_wconf 81' lang='lat' dir='ltr'>consilia,</span> <span class='ocrx_word' id='word_1_206' title='bbox 318 2409 358 2438; x_wconf 91' lang='lat' dir='ltr'>ut</span> <span class='ocrx_word' id='word_1_207' title='bbox 380 2402 516 2438; x_wconf 85' lang='lat' dir='ltr'>faciem</span> <span class='ocrx_word' id='word_1_208' title='bbox 540 2409 709 2439; x_wconf 88' lang='lat' dir='ltr'>mutatus</span> <span class='ocrx_word' id='word_1_209' title='bbox 732 2410 769 2439; x_wconf 91' lang='lat' dir='ltr'>et</span> <span class='ocrx_word' id='word_1_210' title='bbox 791 2415 857 2439; x_wconf 85' lang='lat' dir='ltr'>ora</span> <span class='ocrx_word' id='word_1_211' title='bbox 879 2403 1033 2451; x_wconf 89' lang='lat' dir='ltr'>Cupido</span> 
     </span>
    </p>

    <p class='ocr_par' dir='ltr' id='par_1_17' title="bbox 126 2465 1092 2515">
     <span class='ocr_line' id='line_1_35' title="bbox 126 2465 1092 2515; baseline 0.002 -13"><span class='ocrx_word' id='word_1_212' title='bbox 126 2477 195 2514; x_wconf 90' lang='lat' dir='ltr'>pro</span> <span class='ocrx_word' id='word_1_213' title='bbox 216 2465 320 2503; x_wconf 87' lang='lat' dir='ltr'>dulci</span> <span class='ocrx_word' id='word_1_214' title='bbox 342 2467 509 2503; x_wconf 87' lang='lat' dir='ltr'>Ascanio</span> <span class='ocrx_word' id='word_1_215' title='bbox 531 2467 669 2511; x_wconf 82' lang='lat' dir='ltr'>veniat,</span> <span class='ocrx_word' id='word_1_216' title='bbox 692 2467 882 2515; x_wconf 85' lang='lat' dir='ltr'>donisque</span> <span class='ocrx_word' id='word_1_217' title='bbox 904 2468 1092 2504; x_wconf 84' lang='lat' dir='ltr'>furentem</span> 
     </span>
    </p>
   </div>
   <div class='ocr_carea' id='block_1_5' title="bbox 662 2552 981 2590">
    <p class='ocr_par' dir='ltr' id='par_1_18' title="bbox 662 2552 981 2590">
     <span class='ocr_line' id='line_1_36' title="bbox 662 2552 981 2590; baseline 0.006 -11"><span class='ocrx_word' id='word_1_218' title='bbox 662 2552 706 2572; x_wconf 70' lang='lat'>⁶⁴2</span> <span class='ocrx_word' id='word_1_219' title='bbox 722 2556 875 2590; x_wconf 69' lang='lat' dir='ltr'>ztlzltqaae.</span> <span class='ocrx_word' id='word_1_220' title='bbox 900 2552 981 2581; x_wconf 80' lang='lat' dir='ltr'>Edd.</span> 
     </span>
    </p>
   </div>
   <div class='ocr_carea' id='block_1_6' title="bbox 1469 207 1516 248">
    <p class='ocr_par' dir='ltr' id='par_1_19' title="bbox 1469 207 1516 248">
     <span class='ocr_line' id='line_1_37' title="bbox 1469 207 1516 248; baseline 0 0"><span class='ocrx_word' id='word_1_221' title='bbox 1469 207 1516 248; x_wconf 84' lang='lat'>55</span> 
     </span>
    </p>
   </div>
   <div class='ocr_carea' id='block_1_7' title="bbox 1470 1231 1526 1265">
    <p class='ocr_par' dir='ltr' id='par_1_20' title="bbox 1470 1231 1526 1265">
     <span class='ocr_line' id='line_1_38' title="bbox 1470 1231 1526 1265; baseline 0 -8"><span class='ocrx_word' id='word_1_222' title='bbox 1470 1231 1526 1265; x_wconf 71' lang='lat'>640</span> 
     </span>
    </p>
   </div>
  </div>
 </body>
</html>
