1690 2734
131 136 211 188 136

709 148 749 178 v.
787 136 937 190 Sicily.

1365 124 1527 187 [AENmD.

124 273 224 307 acer,
246 260 441 298 anhelanti
461 261 605 308 similis,
626 272 744 309 quem
763 273 925 310 praepes
941 262 990 299 ab
1013 261 1084 299 Ida

123 326 327 363 sublimem
348 326 513 375 pedibus
533 327 658 375 rapuit
680 326 781 363 Iovis
803 327 966 375 armiger
984 327 1093 364 uncis
1111 340 1119 372 ;

123 390 300 439 longaevi
319 391 466 440 palmas
488 391 725 439 nequiquam
745 390 795 428 ad
816 391 942 428 sidera
963 391 1126 428 tendunt

123 455 318 502 custodes,
340 456 539 504 saevitque
558 468 698 492 canum
718 456 873 492 latratus
894 456 932 492 in
952 469 1072 493 auras.

123 522 173 557 At
194 521 259 569 qui
280 520 424 557 deinde
444 521 573 558 locum
595 521 717 558 tenuit
737 522 872 557 virtute
893 521 1122 567 secundum,

122 585 268 622 levibus
289 585 378 622 huic
400 586 521 623 hamis
542 593 761 623 consertam
781 598 951 634 auroque
973 586 1136 623 trilicem

123 651 292 696 loricam,
315 663 432 698 quam
453 651 646 688 Demoleo
668 650 884 687 detraxerat
906 651 987 700 ipse

122 716 243 752 victor
263 715 368 764 apud
388 715 565 764 rapidum
587 716 783 753 Simoenta
805 717 875 754 sub
900 718 971 755 Ilio
993 718 1083 764 alto,
1228 747 1244 760 .

123 779 243 816 donat
263 780 404 817 habere
427 780 516 826 viro,
539 780 658 817 decus
680 789 717 817 et
737 789 910 819 tutamen
931 783 969 819 in
990 784 1114 820 armis.

121 846 197 882 Vix
216 845 320 882 illam
340 845 471 882 famuli
493 846 669 895 Phegeus
691 848 917 896 Sagarisque
938 848 1111 886 ferebant

123 911 387 959 multiplicem,
420 911 549 948 conixi
582 913 751 960 umeris3
785 913 940 951 indutus
961 922 998 951 at
1018 915 1110 951 olim

124 977 337 1013 Demoleos
359 990 472 1014 cursu
493 978 665 1026 palantes
687 980 807 1016 Troas
829 981 978 1028 agebat.

121 1043 251 1079 Tertia
272 1043 376 1080 dona
396 1044 485 1079 facit
507 1046 682 1092 geminos
704 1057 751 1081 ex
771 1057 858 1082 aere
879 1046 1035 1091 lebetas,

123 1110 353 1158 cymbiaque
374 1117 532 1158 argento
553 1110 725 1158 perfecta
745 1118 859 1158 atque
881 1123 1015 1159 aspera
1034 1111 1161 1159 signis.

178 1177 340 1224 Iamque
361 1175 462 1212 adeo
484 1175 617 1212 donati
638 1188 773 1213 omnes
795 1176 1010 1224 opibusque
1032 1177 1185 1225 superbi

123 1241 298 1289 puniceis
319 1241 425 1278 ibant
446 1242 585 1278 evincti
607 1249 784 1289 tempora
804 1242 937 1288 menis,

124 1318 213 1342 cum
234 1319 347 1343 saevo
369 1319 389 1343 e
412 1307 573 1355 scopulo
595 1307 714 1343 multa
734 1307 795 1343 vix
816 1314 894 1343 arte
915 1307 1095 1353 revolsus,

123 1372 270 1408 amissis
290 1372 404 1408 remis
425 1379 539 1420 atque
561 1371 696 1408 ordine
718 1371 853 1409 debilis
874 1385 964 1419 uno,

124 1437 277 1473 inrisam
298 1437 379 1474 sine
402 1437 548 1474 honore
569 1444 691 1474 ratem
714 1438 909 1486 Sergestus
931 1439 1080 1487 agebat.
1113 1475 1119 1480 ,

125 1502 257 1549 Qualis
278 1515 394 1551 saepe
416 1503 499 1539 viae
520 1502 734 1551 deprensus
756 1503 794 1539 in
814 1515 954 1552 aggere
975 1516 1145 1552 serpens,

123 1579 236 1604 aerea
256 1579 373 1615 quem
394 1567 594 1615 obliquum
613 1575 697 1604 rota
716 1568 873 1614 transiit,
895 1575 961 1605 aut
980 1570 1100 1617 gravis
1122 1570 1199 1606 ictu

124 1632 362 1669 seminecem
382 1632 491 1681 liquit
512 1645 604 1669 saxo
625 1633 873 1681 lacerumque
894 1634 1040 1681 viator3

123 1697 359 1745 nequiquam
379 1697 516 1746 longos
537 1698 685 1746 fugiens
708 1697 773 1734 dat
795 1711 958 1747 corpore
979 1706 1111 1745 tortus,

123 1769 229 1811 parte
251 1762 368 1809 ferox,
391 1762 607 1811 ardensque
630 1764 763 1809 oculis,
787 1770 824 1800 et
845 1764 953 1800 sibila
974 1764 1072 1801 colla

125 1827 264 1864 arduus
286 1827 475 1874 attollens,
496 1840 583 1876 pars
603 1828 759 1865 volnere
782 1828 924 1865 clauda
943 1836 1107 1865 retentat

123 1899 331 1929 nexantem
352 1892 464 1929 nodis
486 1905 604 1941 seque
626 1893 665 1930 in
686 1906 754 1930 sua
774 1894 948 1930 membra
968 1894 1177 1942 plicantem
1194 1909 1201 1931 ι

123 1957 187 1994 tali
207 1958 368 2006 remigio
388 1958 494 1995 navis
515 1970 555 1994 se
578 1957 687 1994 tarda
708 1959 889 1995 movebat
904 1972 914 2005 3

123 2022 207 2058 vela
227 2022 316 2059 facit
337 2029 480 2069 tamen,
502 2029 541 2059 et
560 2023 651 2059 velis
674 2023 774 2060 subit
795 2023 893 2060 ostia
912 2023 1048 2072 plenis.

125 2087 345 2135 Sergestum
366 2089 517 2124 Aeneas
538 2088 727 2136 promisso
749 2100 909 2124 munere
931 2087 1063 2133 donat,

124 2160 309 2188 servatam
331 2153 382 2189 ob
402 2165 541 2189 navem
562 2153 682 2190 laetus
704 2154 912 2201 sociosque
933 2153 1126 2191 reductos.

125 2216 201 2253 Olli
221 2230 328 2253 serva
348 2217 470 2263 datur,
493 2230 655 2266 operum
676 2218 781 2255 haud
802 2218 933 2266 ignara
953 2219 1165 2265 Minervae,

124 2281 263 2318 Cressa
281 2295 415 2330 genus,
439 2282 597 2329 Pholoe,
618 2283 841 2331 geminique
863 2283 933 2320 sub
953 2284 1070 2321 ubere
1090 2284 1180 2321 nati.

179 2347 271 2383 Hoc
291 2347 376 2395 pius
397 2349 549 2384 Aeneas
569 2348 687 2384 misso
708 2348 917 2384 certamine
943 2348 1066 2384 tendit

123 2412 362 2460 gramineum
384 2413 422 2448 in
444 2425 636 2460 campum,
659 2425 776 2460 quem
799 2413 958 2450 collibus
979 2412 1150 2461 undique
1173 2415 1295 2451 curvis

200 2497 243 2518 274
258 2499 408 2530 oblicum·
430 2499 552 2527 transit.
576 2499 612 2527 R.

690 2498 732 2518 279
746 2500 916 2527 nixantem.
940 2499 975 2528 R.

1062 2498 1219 2536 '2Slplenz's
1233 2521 1240 2529 .
1256 2522 1262 2529 .
1278 2522 1284 2528 .
1299 2499 1386 2528 velis.
1408 2499 1444 2528 R.

1473 332 1528 363 255

1474 653 1530 680 260

1473 981 1527 1017 265

1472 1318 1529 1345 270

1472 1642 1527 1671 275

1470 1960 1527 1987 280

1468 2286 1523 2321 285
