1690 2734
162 228 224 258 111.
247 226 333 267 120.]
456 218 542 256 lec
582 216 711 255 Tomb
743 216 795 267 of
822 214 1089 265 Polydorus:
1123 213 1262 252 Delos.
1504 214 1556 262 87

163 344 358 390 Pergama,
379 340 555 388 reliquias
578 340 757 375 Danaum
779 344 893 384 atque
916 336 1071 372 immitis
1093 335 1241 371 Achilli.

160 407 288 454 Quem
310 405 531 453 sequimur?
588 404 726 450 Quove
749 402 800 438 ire
823 402 958 438 iubes?
1014 401 1091 437 Ubi
1113 412 1258 448 ponere
1279 399 1421 435 sedes?

161 472 232 516 Da,
253 478 372 518 pater,
396 469 608 517 augurium,
631 474 746 515 atque
768 466 904 502 animis
926 465 1093 501 inlabere
1116 465 1278 501 nostris.’

211 536 286 572 Vix
305 547 351 571 ea
370 535 467 571 fatus
489 546 592 570 eram
611 547 616 569 :
650 539 812 568 tremere
834 531 965 568 omnia
985 531 1065 567 visa
1083 536 1254 578 repente,
1523 537 1559 563 90

157 601 365 648 liminaque
387 600 589 647 laurusque
613 597 688 642 dei,
711 603 890 644 totusque
912 595 1056 632 moveri

158 678 269 702 mons
290 665 447 709 circum,
470 670 507 700 et
528 663 674 711 mugire
698 662 820 710 adytis
843 661 992 697 cortina
1010 660 1178 696 reclusis.

158 730 341 767 Submissi
363 730 528 777 petimus
550 735 701 771 terram,
724 734 761 763 et
781 739 855 762 vox
875 726 992 762 fertur
1011 725 1060 761 ad
1081 726 1178 760 auris
1197 739 1204 761 ε

158 798 165 813 ⁴
184 794 431 831 Dardanidae
454 793 550 838 duri,
573 805 672 841 quae
694 804 762 828 vos
784 804 805 827 a
826 792 940 838 stirpe
962 796 1164 838 parentum

157 860 280 907 prima
300 860 381 895 tulit
402 859 524 903 tellus,
544 857 684 894 eadem
706 869 771 893 vos
794 856 911 893 ubere
933 855 1033 891 laeto
1524 862 1559 889 95

157 925 323 972 accipiet
342 924 519 960 reduces.
580 923 789 970 Antiquam
812 921 997 968 exquirite
1018 926 1203 955 matrem:

157 989 220 1025 hic
241 989 381 1025 domus
402 991 558 1025 Aeneae
581 988 731 1024 cunctis
755 986 1017 1023 dominabitur
1037 985 1123 1029 oris,

158 1061 196 1090 et
217 1055 293 1090 nati
316 1061 505 1099 natorum,
528 1060 565 1090 et
586 1053 651 1100 qui
672 1059 879 1089 nascentur
899 1051 947 1086 ab
970 1050 1065 1086 illis.'

213 1120 326 1155 Haec
348 1119 528 1155 Phoebus
547 1132 555 1164 ;
586 1119 785 1165 mixtoque
808 1117 945 1166 ingens
969 1123 1101 1151 exorta
1120 1114 1283 1151 tumultu

157 1184 310 1228 laetitia,
333 1191 369 1220 et
391 1184 519 1220 cuncti
541 1195 640 1230 quae
662 1182 734 1218 sint
756 1194 802 1218 ea
824 1180 979 1217 moenia
998 1186 1196 1228 quaerunt,
1505 1185 1560 1204 100

158 1261 235 1296 quo
258 1249 437 1285 Phoebus
458 1254 572 1285 vocet
593 1247 751 1283 errantis
774 1246 980 1293 iubeatque
1001 1245 1164 1280 reverti?

157 1314 257 1349 Tum
278 1314 440 1361 genitor,
461 1319 635 1349 veterum
654 1312 812 1348 volvens
834 1316 1087 1347 monumenta
1106 1310 1283 1354 virorum,

160 1381 168 1396 ⁶
183 1378 336 1423 Audite,
360 1379 395 1415 O
417 1378 620 1425 proceres'
643 1377 694 1413 ait
716 1379 724 1395 ‘
740 1383 777 1413 et
798 1388 886 1424 spes
908 1375 1044 1411 discite
1066 1381 1206 1410 vestras
1225 1388 1231 1410 :

160 1443 274 1480 Creta
295 1443 397 1479 Iovis
418 1443 546 1491 magni
569 1442 700 1478 medio
721 1442 821 1478 iacet
843 1441 965 1477 insula
985 1446 1132 1488 pont03

159 1519 270 1544 mons
293 1507 434 1544 Idaeus
455 1507 532 1553 ubi,
555 1514 594 1544 et
613 1507 738 1555 gentis
759 1506 960 1548 ‚cunabula
972 1512 1137 1541 nostrae.
1508 1511 1559 1538 105

160 1573 328 1610 Centum
349 1565 461 1609 urbes
482 1572 656 1609 habitant
677 1584 848 1620 magnas,
871 1571 1062 1607 uberrima
1081 1582 1199 1617 regna
1213 1583 1224 1616 3

160 1638 347 1674 maximus
369 1637 473 1674 unde
494 1644 613 1685 pater,
636 1638 669 1674 si
689 1638 758 1673 rite
781 1636 913 1673 audita
932 1635 1126 1681 recordor,

158 1703 331 1739 Teucrus
353 1703 550 1739 Rhoeteas
572 1703 739 1750 primum
761 1708 818 1738 est
840 1701 1024 1738 advectus
1046 1701 1084 1737 in
1106 1713 1201 1747 oras,

160 1767 382 1815 optavitque
403 1768 534 1804 locum
554 1780 684 1816 regno.
745 1766 934 1804 Nondum
956 1766 1070 1803 Ilium
1090 1773 1128 1802 et
1148 1778 1254 1802 arces

163 1833 392 1880 Pergameae
414 1839 597 1869 steterant
613 1846 622 1878 3
654 1832 878 1869 habitabant
898 1832 1055 1868 vallibus
1076 1832 1172 1868 imis.
1511 1838 1562 1856 110

163 1897 267 1932 Hinc
289 1903 411 1933 mater
431 1897 566 1933 cultrix
587 1897 724 1945 Cybeli
747 1897 1058 1945 Corybantiaque
1079 1909 1166 1933 aera

163 1961 402 2009 Idaeumque
424 1974 559 1998 nemus
577 1976 585 2008 ;
618 1962 707 1998 hinc
730 1961 809 1998 fida
831 1963 981 1998 silentia
1000 1963 1126 2007 sacris,

161 2032 198 2062 et
218 2027 336 2063 iuncti
359 2039 511 2063 currum
533 2026 715 2063 dominae
739 2027 889 2063 subiere
911 2028 1054 2064 leones.

164 2092 264 2139 Ergo
285 2091 398 2139 agite,
421 2098 470 2136 et,
493 2091 625 2128 divom
647 2092 795 2129 ducunt
816 2104 893 2140 qua
912 2093 1024 2137 iussa,
1045 2105 1274 2141 sequamur3

161 2152 358 2200 placemus
379 2160 513 2189 ventos
535 2160 571 2189 et
595 2154 743 2190 Gnosia
763 2166 882 2202 regna
903 2161 1089 2203 petamus.
1512 2160 1561 2188 115

163 2209 248 2252 Nec
269 2217 385 2265 longo
406 2216 548 2253 distant
572 2230 683 2254 cursu
702 2232 710 2264 3
745 2218 865 2254 modo
889 2219 1063 2267 Iuppiter
1082 2219 1192 2263 adsit,

162 2281 271 2317 tertia
290 2282 354 2317 lux
377 2281 540 2318 classem
563 2283 735 2320 Cretaeis
758 2283 864 2319 sistet
885 2283 922 2319 in
943 2283 1043 2320 oris.'

162 2346 224 2382 Sic
246 2346 354 2390 fatus,
380 2348 535 2384 meritos
559 2348 630 2385 aris
652 2349 834 2384 mactavit
855 2348 1034 2394 honores,

162 2417 310 2447 taurum
334 2412 531 2460 Neptuno,
555 2419 704 2449 taurum
726 2413 806 2457 tibi,
829 2413 991 2460 pulcher
1012 2414 1162 2461 Apollo,

164 2474 308 2522 nigram
332 2476 465 2512 Hiemi
487 2476 693 2525 pecudem,
716 2477 897 2526 Zephyris
920 2478 1093 2514 felicibus
1115 2479 1251 2514 albam.
1509 2483 1562 2502 1²0

433 2561 476 2581 102
492 2563 686 2591 monimenta.
710 2564 746 2592 R,
1037 2563 1076 2583 ¹¹1
1100 2565 1230 2599 Crltclae.
1255 2564 1294 2591 H.
