1690 2734
130 161 211 194 ECL.
233 162 297 205 IL]
738 154 904 196 Alexis.

130 278 246 315 Nunc
267 279 382 315 etiarn
402 277 576 327 pecudes
596 278 749 316 umbras
771 284 807 315 et
828 278 965 326 frigora
986 283 1143 327 captant
1156 291 1168 326 3

128 355 232 379 nunc
252 342 379 380 viridis
399 343 514 379 etiam
535 343 731 380 occultant
752 343 902 391 spineta
922 343 1094 389 lacertos,

127 407 317 456 Thestylis
339 413 376 444 et
395 407 531 455 rapido
552 408 658 444 fessis
680 407 910 444 messoribus
932 414 1037 444 aestu

128 472 213 508 allia
232 472 513 520 serpyllumque
535 472 670 509 herbas
693 471 896 509 contundit
917 472 1065 509 olentis.

128 538 176 573 At
197 548 351 573 mecum
371 537 506 582 raucis,
527 543 592 573 tua
612 536 705 573 dum
726 537 884 585 vestigia
904 537 1033 583 lustro,

127 601 205 638 sole
227 601 297 638 sub
317 600 465 638 ardenti
486 607 667 638 resonant
687 602 839 638 arbusta
859 601 1015 638 cicadis.

182 667 323 703 Nonne
345 666 413 703 fuit
433 667 547 703 satius
568 667 680 703 tristis
701 666 942 716 Amaryllidis
963 667 1033 704 iras

127 738 240 780 atque
262 731 426 780 superba
445 732 523 780 pati
544 731 705 778 fastidia,
727 744 856 769 nonne
879 732 1097 778 Menalcan,

127 797 298 844 quamvis
319 796 379 833 ille
401 797 518 845 niger,
541 797 714 845 quamvis
734 803 774 833 tu
796 796 984 834 candidus
1006 798 1138 834 esses?

127 862 162 899 O
184 862 348 898 formose
370 874 475 910 puer,
498 862 658 899 nimium
678 875 727 899 ne
749 862 863 899 crede
885 862 1004 899 colori
1023 864 1029 899 1

126 927 222 964 Alba
241 926 396 976 ligustra
415 926 571 973 cadunt,
594 928 768 964 vaccinia
788 928 894 977 nigra
914 928 1101 976 leguntur.

181 993 399 1041 Despectus
419 992 487 1030 tibi
509 1005 605 1038 sum,
627 1005 700 1029 nec
722 993 786 1041 qui
807 993 878 1029 sim
899 993 1060 1041 quaeris,
1082 992 1204 1040 Alexi,

125 1069 240 1106 quam
261 1057 368 1095 dives
388 1058 550 1106 pecoris,
572 1058 673 1095 nivei
693 1071 809 1107 quam
829 1058 936 1094 lactis
957 1057 1171 1095 abundans.

126 1123 231 1160 Mille
252 1135 361 1159 meae
383 1123 516 1160 Siculis
538 1130 662 1160 errant
682 1124 720 1160 in
741 1124 935 1160 montibus
956 1135 1076 1171 agnae
1093 1137 1102 1169 ;

124 1188 182 1224 lac
204 1188 296 1224 mihi
317 1200 395 1225 non
417 1195 559 1225 aestate
580 1201 736 1234 novum,
757 1201 834 1225 non
857 1188 992 1236 frigore
1014 1187 1107 1224 defit
1123 1201 1132 1234 3

124 1259 239 1290 canto
259 1265 357 1301 quae
375 1253 518 1299 solitus,
539 1254 569 1290 si
590 1252 746 1302 quando
768 1259 940 1289 armenta
958 1253 1134 1298 vocabat,

124 1317 320 1366 Amphion
342 1318 528 1355 Dircaeus
549 1318 588 1355 in
608 1319 755 1355 Actaeo
775 1318 995 1355 Aracintho.

178 1383 263 1419 Nec
285 1395 368 1419 sum
389 1382 489 1420 adeo
509 1383 679 1420 informis
697 1398 703 1420 :
735 1395 857 1432 nuper
877 1395 939 1419 me
960 1383 998 1420 in
1018 1383 1125 1420 litore
1145 1382 1235 1430 vidi,

123 1460 212 1485 cum
232 1447 429 1497 placidum
449 1448 570 1485 ventis
591 1455 705 1485 staret
725 1460 829 1485 mare
845 1462 854 1494 3
885 1461 963 1485 non
985 1460 1057 1496 ego
1079 1448 1277 1497 Daphnim

122 1513 249 1550 iudice
271 1519 307 1550 te
329 1519 510 1559 metuam,
533 1513 563 1550 si
583 1526 795 1562 numquam
816 1513 907 1549 fallit
927 1513 1065 1562 imago.

123 1578 158 1616 O
179 1585 328 1615 tanturn
348 1579 464 1616 libeat
484 1591 638 1616 mecum
659 1579 727 1616 tibi
747 1573 903 1616 sordida
922 1591 1008 1615 rura

122 1650 236 1692 atque
257 1644 408 1681 humilis
430 1644 601 1681 habitare
623 1656 740 1690 casas,
763 1651 799 1680 et
820 1644 934 1692 figere
956 1656 1102 1690 cervos,

122 1708 412 1758 haedorumque
433 1721 588 1758 gregem
608 1709 717 1746 viridi
737 1709 970 1757 compellere
992 1709 1139 1746 hibisco
1158 1711 1166 1746 l

122 1774 281 1810 Mecum
302 1787 379 1811 una
397 1775 436 1811 in
457 1774 555 1811 silvis
576 1774 772 1812 imitabere
796 1775 900 1811 Pana
919 1773 1109 1811 canendo.

126 1835 228 1888 [Pan
249 1839 392 1887 primus
414 1839 582 1876 calamos
602 1852 691 1876 cera
711 1839 944 1888 coniungere
965 1839 1082 1887 pluris

120 1903 280 1941 instituit
295 1918 304 1951 3
337 1905 415 1941 Pan
437 1911 543 1941 curat
563 1904 642 1941 ovis
663 1904 871 1952 oviumque
892 1902 1126 1954 magistros]

174 1969 260 2006 Nec
280 1975 317 2005 te
339 1969 533 2017 paeniteat
554 1969 703 2006 calamo
723 1969 867 2006 trivisse
889 1969 1068 2005 labellum
1085 1983 1092 2005 :

119 2033 215 2070 haec
237 2033 375 2071 eadem
395 2041 436 2070 ut
456 2034 579 2080 sciret,
601 2033 694 2082 quid
714 2046 793 2071 non
814 2034 978 2071 faciebat
998 2033 1212 2082 Amyntas?

121 2098 189 2135 Est
209 2098 300 2135 mihi
322 2097 535 2146 disparibus
557 2105 704 2147 septem
726 2105 931 2148 compacta
951 2099 1085 2135 cicutis

118 2162 252 2208 fistula,
276 2163 485 2200 Damoetas
507 2162 612 2200 dono
634 2163 725 2200 mihi
747 2176 862 2212 quam
885 2163 994 2200 dedit
1014 2164 1116 2210 olim,

119 2233 155 2262 et
176 2226 270 2263 dixit
291 2227 456 2264 moriens
473 2242 486 2264 τ
514 2230 522 2246 ‘
535 2228 591 2264 Te
613 2240 717 2264 nunc
738 2227 853 2264 habet
873 2228 943 2264 ista
963 2227 1205 2265 secundum.¹

120 2291 225 2327 Dixit
246 2292 456 2328 Damoetas
473 2305 483 2338 3
514 2291 648 2329 invidit
669 2292 803 2329 stultus
823 2293 1019 2341 Amyntas.

172 2355 374 2392 Praeterea
393 2355 484 2402 duo,
505 2368 579 2393 nec
599 2362 680 2393 tuta
700 2356 792 2393 mihi
812 2357 905 2393 valle
927 2357 1078 2406 reperti,

157 2476 184 2497 11
198 2478 375 2515 serpullum.
410 2479 446 2507 R.
502 2478 531 2498 22
545 2488 653 2507 novom
671 2479 721 2515 (as
736 2480 849 2516 always
864 2479 941 2507 after
955 2479 1002 2515 v).
1038 2480 1074 2509 R.
1126 2478 1156 2500 32
1170 2478 1200 2500 ³³
1214 2478 1244 2500 39
1259 2480 1399 2509 omitted.
1436 2480 1471 2510 R.

1490 416 1526 437 10

1489 740 1522 770 15

1485 1066 1522 1086 20

1483 1390 1519 1419 25

1480 1717 1518 1747 30

1478 2042 1513 2071 35

1474 2365 1513 2393 40
