1690 2734
134 182 290 223 11.148.]
533 174 631 226 'The
659 174 815 214 Franci
839 175 891 227 of
918 173 1066 214 Sinon.

133 299 330 344 mittimus,
352 299 460 347 isque
482 298 603 347 adytis
626 298 721 334 haec
739 297 857 334 tristia
877 297 980 334 dicta
1000 304 1169 345 reportat
1188 312 1192 332 :

133 365 331 412 Sanguine
342 365 531 413 placastis
551 369 676 400 ventos
697 369 734 398 el
751 364 899 410 vz'lgc'ne
920 375 1044 406 caesa,

131 443 217 466 cum
230 431 407 478 primum
428 429 586 473 Iliacas,
609 429 762 473 Danai,
785 429 939 465 venistis
960 428 1018 463 ml
1033 440 1124 463 oras
1139 443 1154 469 ,-

131 497 317 543 sanguine
337 495 551 542 quaerendi
571 495 729 539 reditus,
751 495 961 541 animaque
981 494 1172 529 litandum

133 561 324 608 Argolica.
382 559 495 608 Volgi
516 571 614 607 quae
635 571 710 595 vox
730 566 771 595 ut
792 559 895 595 venit
915 557 964 594 ad
986 558 1096 601 auris,

131 626 350 673 obstipuere
373 625 501 669 animi,
523 624 751 672 gelidusque
772 636 840 672 per
862 624 937 659 ima
959 623 1125 659 cucurrit

130 702 217 727 ossa
237 698 390 735 tremor,
414 690 474 726 cui
496 689 572 726 fata
591 696 739 737 parent,
761 701 877 737 quem
898 694 1036 736 poscat
1059 688 1208 735 Apollo.

186 755 289 791 ‘Hic
314 755 468 791 Ithacus
489 762 615 791 vatem
637 766 780 802 magno
802 753 1015 791 Calchanta
1036 753 1198 789 tumultu

130 820 315 872 protrahit
335 820 374 857 in
396 819 571 866 medios3
603 832 701 868 quae
723 819 798 855 sint
820 831 866 855 ea
886 819 1046 855 numina
1067 817 1210 864 divom,

130 885 271 932 flagitat
290 900 295 921 :
329 891 367 921 et
388 885 480 921 mihi
502 885 577 921 iam
599 885 705 921 multi
729 883 884 921 crudele
907 883 1099 920 canebant

130 950 283 986 artificis
304 950 440 994 scelus,
463 957 500 986 et
520 950 624 986 taciti
645 957 804 986 ventura
825 948 1019 986 videbant.

131 1014 195 1051 Bis
216 1015 354 1062 quinos
375 1015 459 1051 silet
479 1015 539 1051 ille
561 1014 655 1060 dies,
678 1021 883 1062 tectusque
905 1020 1057 1051 recusat

130 1079 294 1127 prodere
315 1092 413 1116 voce
435 1092 503 1116 sua
524 1092 758 1127 quemquam
780 1086 845 1115 aut
865 1091 1066 1127 opponere
1088 1080 1212 1116 morti.

129 1145 203 1181 Vix
223 1144 395 1190 tandem,
419 1145 567 1192 magnis
591 1145 715 1181 Ithaci
735 1145 968 1181 clamoribus
990 1151 1110 1189 actus,

130 1210 349 1257 composito
369 1210 514 1258 rumpit
533 1221 683 1255 vocem,
705 1216 743 1245 et
764 1221 825 1245 me
843 1209 1010 1246 destinat
1030 1222 1130 1246 arae.

130 1275 345 1311 Adsensere
367 1286 517 1319 omnes,
539 1281 588 1319 et,
610 1286 710 1322 quae
732 1274 803 1311 sibi
825 1274 986 1322 quisque
1009 1275 1181 1321 timebat,

130 1340 241 1376 unius
262 1340 300 1376 in
321 1340 447 1376 miseri
470 1340 628 1376 exitium
649 1352 835 1376 conversa
850 1340 983 1376 tulere.

131 1405 291 1453 Iamque
313 1404 396 1441 dies
417 1405 576 1442 infanda
595 1404 727 1442 aderat
742 1419 752 1451 3
784 1405 877 1441 mihi
898 1418 1005 1442 sacra
1024 1406 1160 1454 parari,

129 1477 167 1506 et
188 1470 306 1506 salsae
328 1470 466 1518 fruges,
489 1477 527 1506 et
547 1470 691 1506 circum
714 1477 891 1518 tempora
912 1471 1026 1507 vittae
1044 1486 1050 1507 :

130 1535 261 1582 eripui,
283 1535 415 1580 fateor,
438 1535 514 1571 leto
536 1547 610 1581 me,
634 1542 671 1571 et
691 1535 843 1572 vincula
863 1536 959 1584 rupi,

129 1600 344 1648 limosoque
365 1600 450 1636 lacu
471 1612 539 1648 per
560 1607 716 1637 noctem
740 1601 926 1638 obscurus
948 1601 985 1637 in
1008 1601 1093 1637 ulva

129 1664 274 1709 delitui,
297 1664 390 1701 dum
411 1665 494 1701 vela
515 1665 661 1711 darent,
683 1666 712 1702 si
735 1666 829 1702 forte
853 1665 1063 1703 dedissent.

131 1730 217 1766 Nec
237 1730 329 1766 mihi
350 1731 425 1767 iam
446 1732 606 1779 patriam
628 1732 825 1779 antiquam
847 1743 935 1779 spes
956 1732 1031 1768 ulla
1050 1731 1220 1777 videndi,

130 1807 203 1831 nec
224 1795 346 1832 dulcis
366 1802 475 1831 natos
498 1803 799 1844 exoptatumque
821 1803 1023 1844 parentem
1040 1811 1050 1843 3

129 1872 226 1908 quos
248 1860 296 1896 illi
318 1861 393 1896 fors
415 1867 452 1897 et
473 1873 619 1908 poenas
640 1862 691 1898 ob
712 1868 841 1898 nostra
861 1868 1069 1909 reposcent

130 1925 280 1973 effugia,
303 1932 340 1962 et
362 1926 515 1974 culpam
538 1926 636 1963 hanc
659 1927 885 1963 miserorum
906 1933 1029 1963 morte
1047 1927 1219 1975 piabunt.

131 1990 249 2037 Quod
270 1998 306 2027 te
328 2003 397 2039 per
417 2004 575 2039 superos
597 1999 634 2029 et
655 1993 813 2029 conscia
832 1993 991 2029 numina
1011 1993 1100 2037 veri,

130 2066 198 2102 per
218 2056 246 2091 si
268 2067 344 2103 qua
365 2064 421 2092 est
442 2069 541 2104 quae
564 2064 679 2093 restet
700 2057 828 2093 adhuc
852 2058 1073 2094 mortalibus
1096 2069 1257 2106 usquam

129 2119 355 2156 intemerata
375 2121 483 2166 fides,
505 2133 586 2167 oro,
608 2122 786 2158 miserere
809 2122 983 2159 laborum

129 2191 333 2229 tantorum,
356 2186 536 2222 miserere
557 2187 673 2222 animi
695 2198 774 2223 non
795 2186 911 2234 digna
931 2187 1111 2224 ferentis)

186 2249 258 2285 His
280 2249 443 2286 lacrimis
463 2251 580 2287 vitam
602 2251 750 2295 damus,
773 2258 810 2288 et
832 2252 1116 2289 miserescimus
1138 2252 1246 2288 ultro.

131 2313 220 2361 Ipse
241 2315 320 2351 viro
341 2316 484 2362 primus
507 2317 676 2352 manicas
698 2322 814 2364 atque
836 2324 915 2352 arta
936 2314 1050 2353 levari

130 2378 253 2414 vincla
274 2380 378 2416 iubet
402 2381 582 2425 Priamus,
605 2381 795 2428 dictisque
818 2382 870 2418 ita
890 2382 987 2418 fatur
1007 2382 1140 2418 amicis
1159 2396 1165 2418 :

131 2445 139 2461 ‘
154 2443 336 2492 Quisquis
357 2456 410 2490 es,
432 2445 592 2482 amissos
614 2445 703 2481 hinc
725 2446 799 2482 iam
820 2447 1046 2483 obliviscere
1069 2447 1234 2493 Graios3

698 2531 740 2551 138
757 2533 897 2568 duplicis.
921 2532 957 2561 R.

1482 303 1533 331 115

1483 630 1536 649 120

1482 956 1534 984 125

1481 1282 1535 1311 130

1481 1608 1534 1637 135

1478 1934 1533 1963 140

1478 2258 1530 2286 145
