1690 2734
184 178 240 209 IV.
260 177 328 220 50.]
560 171 678 210 Dida
708 169 930 223 δοκίμω-ες
963 171 1043 210 lzer
1072 171 1199 212 Leve.

183 300 388 342 postquam
409 294 552 343 primus
575 306 682 330 amor
703 293 911 342 deceptam
933 300 1054 331 morte
1077 294 1231 339 fefellit3

182 359 212 395 si
234 371 312 396 non
333 365 551 407 pertaesum
572 359 728 395 thalami
750 359 968 408 taedaeque
990 359 1133 405 fuisset,

183 423 271 460 huic
292 424 357 461 uni
378 424 504 461 forsan
525 425 632 472 potui
655 424 909 461 succumbere
931 425 1080 472 culpae.

182 490 304 534 Anna,
326 489 473 526 fatebor
493 490 608 534 enim,
630 489 756 526 miseri
778 495 866 537 post
886 490 963 526 fata
984 490 1146 538 Sychaei

182 554 355 603 coniugis
377 560 414 591 et
434 566 584 602 sparsos
606 555 769 590 fraterna
790 554 911 591 caede
936 556 1104 601 Penatis,

182 620 283 656 solus
305 618 366 656 hic
388 619 530 656 inflexit
551 631 698 665 sensus,
722 620 973 668 animumque
995 621 1190 658 labantem
1232 626 1238 633 '

182 684 354 733 impulit:
386 684 585 733 adgnosco
606 685 743 722 veteris
764 685 921 734 vestigia
941 686 1130 723 flammae.

181 749 257 786 Sed
278 749 371 786 mihi
390 750 449 786 vel
469 750 577 787 tellus
598 757 729 798 optem
752 750 853 798 prius
876 751 952 787 ima
972 751 1158 797 dehiscat,

180 815 239 851 vel
263 816 372 851 Pater
392 815 639 863 omnipotens
662 815 791 864 adigat
812 828 874 852 me
896 816 1054 854 fulmine
1076 816 1125 853 ad
1148 818 1313 863 umbras,

182 872 356 928 pallentis
377 880 530 917 umbras
554 875 668 917 Erebi
690 887 927 929 noctemque
949 881 1194 929 profundam,

181 952 282 990 ante,
308 945 448 990 Pudor,
470 958 586 993 quam
608 952 644 982 te
666 946 781 991 violo,
805 953 869 982 aut
889 952 954 982 tua
974 946 1053 982 iura
1074 947 1234 984 resolvo.

183 1010 250 1047 Ille
271 1022 394 1053 meos,
415 1011 558 1058 primus
580 1011 645 1059 qui
667 1023 728 1047 me
749 1011 820 1048 sibi
841 1011 973 1056 iunxit,
995 1023 1146 1048 amores

182 1075 361 1122 abstulit3
393 1075 452 1112 ille
474 1075 613 1112 habeat
635 1088 767 1112 secum
789 1083 990 1124 servetque
1012 1077 1242 1124 sepulchro.'

182 1141 242 1178 Sic
264 1141 377 1177 effata
397 1141 522 1177 sinum
543 1141 706 1177 lacrimis
729 1141 900 1188 implevit
921 1141 1079 1178 obortis.
1104 1157 1108 1160 ⁴

236 1208 349 1242 Anna
368 1206 481 1242 refert
499 1220 505 1249 2.
539 1208 547 1223 ‘
563 1206 598 1243 O
620 1205 705 1241 luce
728 1206 848 1253 magis
870 1205 1012 1242 dilecta
1033 1207 1165 1253 sorori,

182 1271 313 1307 solane
335 1277 521 1318 perpetua
542 1282 716 1306 maerens
739 1283 897 1318 carpere
919 1271 1084 1317 iuventa,

181 1348 255 1372 nec
276 1335 398 1372 dulcis
419 1342 541 1380 natos,
563 1335 723 1371 Veneris
745 1347 817 1371 nec
839 1336 1009 1383 praemia
1029 1337 1159 1374 noris?

183 1400 229 1437 Id
250 1400 420 1437 cinerem
442 1406 506 1436 aut
528 1401 654 1437 Manis
677 1400 800 1436 credis
822 1413 952 1438 curare
974 1402 1172 1449 sepultos?

183 1466 277 1502 Esto
295 1480 302 1502 :
334 1478 486 1513 aegram
507 1465 598 1519 nulli
619 1465 818 1513 quondam
839 1465 978 1502 flexere
1000 1467 1136 1512 mariti,
1157 1492 1161 1501 „
1182 1490 1184 1497 ι

181 1543 260 1567 non
283 1531 437 1579 Libyae,
460 1543 538 1566 non
559 1537 647 1567 ante
667 1531 796 1579 Tyrog
827 1530 1034 1579 despectus
1059 1532 1188 1568 Iarbas

182 1596 440 1644 ductoresque
461 1596 534 1640 alii,
557 1607 653 1643 quos
675 1595 802 1631 Africa
822 1603 919 1632 terra
939 1596 1140 1644 triumphis

182 1661 288 1698 dives
309 1661 372 1697 alit
390 1675 396 1697 :
430 1661 624 1708 placitone
646 1661 763 1697 etiam
786 1661 974 1709 pugnabis
995 1662 1143 1698 amori?
1170 1684 1175 1687 -

183 1727 269 1763 Nec
290 1727 393 1762 venit
414 1726 452 1762 in
473 1733 656 1771 mentem,
679 1737 842 1773 quorum
866 1726 1089 1763 consederis
1111 1727 1236 1764 arvis?

185 1777 290 1828 Hinc
313 1791 498 1828 Gaetulae
520 1791 645 1835 urbes,
669 1803 789 1838 genus
811 1791 1067 1839 insuperabile
1089 1792 1202 1837 bello,

183 1863 221 1893 et
242 1855 437 1892 Numidae
459 1856 594 1892 infreni
617 1857 775 1904 cingunt
797 1862 834 1891 et
856 1855 1049 1904 inhospita
1069 1857 1210 1905 Syrtis3

183 1921 272 1958 hinc
294 1920 445 1957 deserta
465 1921 524 1957 siti
545 1921 662 1969 regio,
684 1920 837 1968 lateque
860 1921 1025 1958 furentes

183 1986 353 2023 Barcaei.
414 1985 519 2033 Quid
541 1986 640 2022 bella
659 1986 762 2034 Tyro
785 1986 976 2034 surgentia
996 1985 1138 2032 dicam,

182 2050 432 2100 germanique
454 2050 604 2087 minas?

184 2116 253 2152 Dis
274 2114 456 2163 equidem
477 2115 696 2163 auspicibus
717 2127 802 2152 reor
822 2122 860 2152 et
882 2117 1033 2152 Iunone
1055 2115 1227 2153 secunda

183 2181 285 2217 hunc
307 2192 459 2217 cursum
483 2180 618 2216 Iliacas
639 2188 753 2217 vento
775 2181 943 2217 tenuisse
965 2182 1123 2217 carinas.

185 2246 312 2292 Quam
333 2252 372 2281 tu
394 2245 540 2290 urbem,
562 2257 680 2290 soror,
703 2245 802 2282 hanc
824 2258 969 2291 cernes,
992 2259 1091 2294 quae
1113 2259 1265 2294 surgere
1286 2259 1404 2295 regna

184 2309 364 2357 coniugio
386 2310 449 2346 tali
468 2312 474 2346 t
531 2311 725 2346 Teucrum
747 2311 1019 2347 comitantibus
1041 2312 1153 2348 armis

186 2374 330 2410 Punica
350 2386 390 2411 se
412 2375 562 2422 quantis
584 2375 730 2411 attollet
751 2375 870 2423 gloria
890 2376 1002 2412 rebus
1024 2378 1029 2412 ἒ

184 2439 242 2474 Tu
264 2437 384 2475 modo
405 2450 524 2486 posce
546 2438 641 2476 deos
661 2439 825 2485 veniam,
848 2440 1043 2489 sacrisque
1065 2440 1177 2477 litatis
1201 2439 1203 2442 ’

491 2524 655 2562 19χὀνσαηι.
679 2525 714 2553 R.
1063 2525 1090 2545 2⁶
1104 2526 1216 2553 Erebo.
1240 2526 1275 2554 R.

1505 182 1580 224 107

1547 498 1583 518 20

1547 823 1582 852 25

1545 1149 1583 1177 30

1545 1472 1581 1502 35

1544 1800 1582 1827 40

1545 2124 1581 2153 45

1546 2448 1584 2476 50
