1690 2734
151 185 305 226 11.423.]
534 176 777 230 Slauglcter
804 177 849 216 in
883 177 953 216 tlte
988 177 1162 218 Streets.

150 309 351 351 aptemus:
383 301 494 338 dolus
515 313 565 337 an
587 300 713 345 virtus,
737 300 820 348 quis
842 300 879 336 in
901 300 1011 337 hoste
1033 301 1228 348 requirat?

150 369 265 404 Arma
285 366 432 403 dabunt
453 365 550 414 ipsi.’
609 365 669 402 Sic
691 364 800 409 fatus,
823 364 966 401 deinde
989 372 1210 402 comantem

149 431 346 480 Androgei
366 431 513 479 galeam
537 430 727 479 clipeique
749 430 898 478 insigne
920 429 1108 466 decorum

150 496 330 542 induitur,
352 496 534 544 laterique
556 495 738 543 Argivum
759 493 1033 531 accommodat
1055 506 1200 532 ensem.

153 562 243 598 Hoc
266 561 454 609 Rhipeus,
477 560 552 597 hoc
573 560 654 608 ipse
678 560 824 608 Dymas
845 560 1050 608 omnisque
1073 559 1248 597 iuventus

149 627 249 663 laeta
269 626 384 672 facit;
414 625 546 674 spoliis
569 637 608 662 se
631 625 792 674 quisque
813 625 1032 662 recentibus
1053 632 1186 662 armat.

150 691 337 729 Vadimus
358 691 519 727 immixti
541 690 685 727 Danais
707 689 811 727 haud
832 690 988 727 numine
1010 696 1154 736 nostro,

150 756 347 804 multaque
369 768 438 804 per
458 768 616 792 caecam
641 755 838 804 congressi
860 755 1006 804 proelia
1026 761 1185 792 noctem

151 821 399 866 conserimus,
422 822 562 858 multos
586 821 766 857 Danaum
788 820 1026 857 demittimus
1050 820 1167 859 Orco.

151 886 365 934 Diffugiunt
386 886 446 923 alii
467 886 517 923 ad
538 887 654 932 navis,
678 893 715 923 et
736 887 845 923 litora
866 899 977 923 cursu

151 951 228 988 fida
248 958 407 1000 petunt:
440 964 524 1000 pars
546 952 743 999 ingentem
765 951 969 988 formidine
990 952 1090 1000 turpi

151 1016 344 1053 scandunt
365 1029 490 1053 rursus
513 1029 656 1064 equum
678 1023 715 1053 et
736 1023 829 1053 nota
850 1016 1071 1053 conduntur
1092 1017 1129 1053 in
1151 1017 1249 1054 alvo.

208 1082 299 1118 Heu
319 1081 412 1118 nihil
434 1082 559 1118 invitis
579 1081 634 1118 fas
655 1094 892 1130 quemquam
913 1081 1031 1118 fidere
1053 1081 1150 1118 divis
1170 1084 1176 1118 l

154 1147 260 1183 Ecce
280 1146 502 1183 trahebatur
522 1147 642 1195 passis
666 1147 854 1184 Priameia
875 1147 978 1195 virgo

154 1211 320 1248 crinibus
342 1224 364 1248 a
383 1212 530 1260 templo
553 1211 771 1249 Cassandra
791 1211 994 1260 adytisque
1018 1212 1231 1257 Minervae,

154 1276 203 1313 ad
226 1276 372 1313 caelum
395 1276 560 1313 tendens
582 1276 755 1313 ardentia
777 1277 922 1313 lumina
942 1276 1087 1322 frustra,
1102 1298 1154 1303 —

154 1341 310 1387 lumina,
332 1354 422 1378 nam
444 1348 594 1378 teneras
615 1342 802 1378 arcebant
824 1342 974 1378 vincula
995 1342 1154 1391 palmas.

156 1407 247 1443 Non
267 1407 350 1443 tulit
372 1407 472 1443 hanc
494 1407 665 1455 speciem
688 1407 823 1443 furiata
844 1414 973 1444 mente
996 1408 1210 1454 Coroebus,

156 1478 192 1508 et
213 1483 295 1508 sese
318 1471 491 1509 medium
513 1472 643 1508 iniecit
664 1472 852 1520 periturus
874 1473 911 1509 in
932 1485 1084 1521 agmen.

156 1522 441 1584 Consequimur
461 1537 590 1573 cuncti
612 1543 649 1573 et
671 1536 800 1573 densis
823 1537 1048 1574 incurrimus
1070 1538 1196 1574 armis.

211 1601 291 1637 Hic
310 1601 477 1649 primum
499 1614 545 1638 ex
566 1601 642 1638 alto
663 1601 812 1638 delubri
834 1602 1002 1638 culmine
1023 1603 1105 1639 telis

157 1673 371 1702 nostrorum
394 1666 601 1712 obruimur,
625 1667 820 1714 oriturque
843 1667 1054 1704 miserrima
1071 1667 1212 1704 caedes

158 1743 349 1767 armorum
371 1731 468 1767 facie
490 1737 528 1768 et
549 1732 751 1768 Graiarum
774 1744 898 1768 errore
921 1733 1106 1769 iubarum.

157 1796 257 1832 Tum
280 1796 404 1832 Danai
425 1796 568 1844 gemitu
590 1802 704 1845 atque
726 1803 880 1845 ereptae
902 1797 1055 1845 virginis
1078 1798 1130 1833 ira

159 1859 329 1908 undique
351 1860 507 1897 collecti
525 1860 725 1907 invadunt,
748 1862 954 1898 acerrimus
976 1862 1082 1907 Aiax,

159 1931 197 1961 et
216 1924 359 1973 gemini
376 1924 544 1970 Atridae,
569 1926 847 1974 Dolopumque
871 1927 1058 1963 exercitus
1081 1927 1232 1973 omnis;

158 1989 307 2026 adversi
327 1996 438 2039 rupto
460 2003 530 2027 ceu
552 1991 752 2039 quondam
775 1991 924 2028 turbine
946 1992 1048 2027 venti

160 2056 380 2105 confligunt,
402 2057 675 2106 Zephyrusque
700 2058 904 2105 Notusque
927 2064 963 2094 et
985 2057 1104 2094 laetus
1129 2058 1222 2095 Eois

161 2122 284 2158 Eurus
306 2121 439 2169 equis;
470 2122 633 2159 stridunt
653 2122 780 2167 silvae,
803 2123 1000 2170 saevitque
1022 2122 1177 2159 tridenti

160 2182 347 2234 spumeus
363 2194 476 2235 atque
498 2187 575 2224 imo
598 2188 747 2224 Nereus
769 2188 843 2224 ciet
864 2200 1033 2236 aequora
1053 2187 1187 2224 fundo.

163 2251 219 2288 Illi
240 2252 367 2297 etiam,
389 2252 418 2288 si
439 2264 537 2300 quos
558 2253 723 2289 obscura
742 2259 858 2289 nocte
881 2264 949 2300 per
970 2252 1145 2289 umbram

161 2315 328 2352 fudimus
350 2315 495 2353 insidiis
517 2323 674 2365 totaque
697 2318 921 2365 agitavimus
944 2318 1048 2362 urbe,

161 2388 372 2428 apparent3
404 2381 524 2429 primi
537 2381 682 2430 clipeos
705 2383 939 2430 mentitaque
962 2382 1037 2418 tela

162 2444 417 2492 adgnoscunt,
439 2452 553 2494 atque
575 2458 642 2483 ora
662 2458 758 2483 sono
780 2446 975 2483 discordia
996 2447 1158 2495 signant.

732 2530 776 2551 422
791 2532 924 2560 Priamt.
950 2533 983 2560 R.

1498 190 1546 231 71

1493 310 1549 337 390

1499 633 1552 661 395

1500 959 1555 985 400

1501 1284 1556 1312 405

1501 1609 1558 1636 410

1503 1934 1557 1962 415

1505 2259 1560 2285 420
