1690 2734
182 204 331 246 111.52.]
611 197 697 237 lee
728 197 864 237 Laud
890 198 942 250 of
973 197 1144 237 Tlcracc.

231 321 345 359 Sacra
367 321 565 358 Dionaeae
587 320 697 358 matri
718 319 893 369 divisque
914 321 1084 358 ferebam

177 386 395 434 auspicibus
418 392 647 434 coeptorum
668 397 842 434 operum,
865 398 1082 434 superoque
1106 386 1293 423 nitentem

177 450 406 487 caelicolum
425 451 504 499 regi
525 450 745 487 mactabam
766 450 804 486 in
824 450 932 487 litore
954 457 1116 487 taurum.

179 516 292 552 Forte
314 515 383 552 fuit
403 515 506 552 iuxta
525 515 704 559 tumulus,
727 527 804 563 quo
827 527 970 565 cornea
990 528 1143 553 summo

176 580 334 628 virgulta
355 587 392 616 et
413 579 541 617 densis
563 580 761 617 hastilibus
784 580 937 617 horrida
957 588 1113 629 myrtus.

176 645 345 691 Accessi,
367 645 606 694 viridemque
627 643 675 682 ab
697 645 816 682 humo
838 646 1053 683 convellere
1075 647 1207 683 silvam

176 718 348 756 conatus,
370 711 483 747 ramis
505 717 677 759 tegerem
698 718 740 748 ut
761 710 1028 748 frondentibus
1050 724 1142 758 aras,

177 775 411 813 horrendum
433 782 470 812 et
491 775 597 813 dictu
619 775 734 813 video
756 776 927 813 mirabile
949 783 1174 814 monstrum.

178 842 291 887 Nam,
314 853 413 890 quae
436 841 559 890 prima
580 842 662 878 solo
683 841 801 889 ruptis
822 841 1017 878 radicibus
1038 842 1149 878 arbos

175 907 332 952 vellitur,
355 907 445 943 huic
466 913 547 944 atro
569 907 764 955 liquuntur
784 907 968 955 sanguine
990 913 1132 954 guttae,

175 978 213 1007 et
233 978 371 1008 terram
391 972 482 1009 tabo
504 971 710 1008 maculant.
770 971 868 1008 Mihi
888 971 1045 1019 frigidus
1067 971 1199 1007 horror

175 1036 350 1073 membra
371 1037 503 1085 quatit,
527 1035 755 1085 gelidusque
777 1036 855 1073 coit
875 1036 1079 1073 formidine
1102 1036 1267 1084 sanguis.

177 1102 323 1138 Rursus
344 1108 382 1138 et
402 1102 555 1138 alterius
576 1101 725 1138 lentum
747 1101 961 1138 convellere
983 1101 1110 1137 vimen

176 1166 366 1214 insequor,
389 1172 427 1203 et
447 1179 582 1203 causas
603 1166 756 1214 penitus
778 1172 966 1214 temptare
988 1165 1138 1202 latentis
1157 1180 1163 1202 :

175 1237 256 1267 ater
275 1238 312 1267 et
333 1231 484 1268 alterius
506 1231 678 1279 sequitur
698 1230 746 1267 de
768 1231 912 1267 cortice
934 1231 1098 1279 sanguis.

178 1296 302 1332 Multa
321 1308 481 1333 movens
503 1296 632 1333 animo
653 1295 843 1344 nymphas
863 1296 1075 1332 venerabar
1095 1297 1253 1343 agrestis

176 1360 465 1411 Gradivumque
486 1367 649 1412 patrem,
673 1361 819 1408 Geticis
841 1361 906 1409 qui
927 1360 1122 1409 praesidet
1141 1361 1250 1405 arvis,

174 1427 243 1462 rite
265 1425 524 1463 secundarent
544 1415 643 1463 visus
665 1438 862 1474 omenque
885 1426 1066 1463 levarent.

174 1483 303 1527 Tertia
322 1491 391 1528 sed
412 1497 619 1540 postquam
641 1491 784 1528 maiore
806 1491 955 1528 hastilia
976 1492 1059 1528 nisu

174 1555 390 1604 adgredior,
414 1556 654 1604 genibusque
676 1555 859 1592 adversae
880 1556 1057 1593 obluctor
1076 1568 1214 1592 arenae
1227 1578 1279 1582 ——

174 1621 343 1669 eloquar,
365 1633 413 1657 an
434 1621 659 1657 sileam?-——
672 1621 837 1669 gemitus
858 1621 1101 1658 lacrimabilis
1123 1621 1200 1657 imo

173 1685 325 1722 auditur
345 1686 504 1730 tumulo,
527 1692 564 1722 et
584 1698 660 1722 vox
680 1685 832 1722 reddita
852 1686 968 1722 fertur
988 1685 1037 1722 ad
1058 1686 1155 1722 auris
1173 1700 1180 1722 t

175 1750 301 1797 ‘Quid
322 1751 516 1796 miserum,
540 1752 684 1796 Aenea,
706 1751 879 1787 laceras?
936 1751 1017 1787 Iam
1034 1763 1149 1799 parce
1171 1751 1323 1799 sepulto
1342 1765 1351 1797 ;

174 1826 290 1863 parce
310 1816 392 1863 pias
413 1816 597 1852 scelerare
620 1828 768 1853 manus.
828 1816 921 1852 Non
943 1828 1004 1852 me
1026 1815 1092 1852 tibi
1113 1816 1229 1851 Troia

174 1887 372 1917 externum
393 1880 488 1926 tulit,
512 1887 577 1917 aut
598 1893 710 1917 cruor
730 1880 793 1917 hic
817 1880 866 1917 de
888 1881 1015 1928 stipite
1039 1887 1180 1917 manat.

176 1946 280 1991 Heu,
301 1945 389 1994 fuge
410 1945 575 1982 crudelis
597 1952 725 1991 terras,
749 1946 836 1994 fuge
859 1946 945 1982 litus
966 1958 1143 1981 avarum:

173 2023 263 2047 narn
286 2010 496 2059 Polydorus
518 2023 590 2059 ego
609 2024 616 2056 ;
648 2011 710 2047 hic
732 2011 928 2047 confixum
949 2011 1069 2047 ferrea
1089 2011 1182 2047 texit

173 2075 334 2112 telorum
355 2088 464 2124 seges
486 2082 524 2112 et
545 2076 676 2113 iaculis
699 2077 859 2113 increvit
880 2076 1025 2112 acutis.'

225 2141 327 2177 Tum
347 2153 437 2178 vero
459 2141 617 2190 ancipiti
641 2148 811 2178 mentem
834 2140 1039 2177 formidine
1061 2153 1213 2189 pressus

173 2206 352 2254 obstipui,
373 2213 636 2255 steteruntque
658 2219 795 2244 comae
817 2214 854 2243 et
875 2219 948 2243 vox
970 2206 1142 2242 saucibus
1164 2206 1295 2243 haesit.

175 2272 294 2308 Hunc
318 2271 551 2320 Polydorum
572 2272 651 2309 auri
672 2272 872 2320 quondam
894 2284 982 2308 cum
1005 2270 1178 2320 pondere
1200 2283 1340 2318 magno

172 2335 302 2372 infelix
323 2337 493 2374 Priamus
515 2338 642 2375 furtim
664 2337 863 2374 mandarat
883 2336 1064 2374 alendum

174 2401 352 2437 Threicio
374 2403 465 2450 regi,
488 2415 577 2438 cum
599 2402 673 2438 iam
696 2401 888 2438 diffideret
909 2402 1020 2438 armis

178 2465 408 2511 Dardaniae,
432 2467 610 2514 cingique
632 2467 765 2503 urbem
787 2466 990 2503 obsidione
1011 2466 1168 2502 videret.

384 2552 414 2572 26
430 2556 575 2581 nostrum.
600 2553 636 2581 R.
763 2552 789 2572 31
808 2562 906 2581 rusus.
932 2552 965 2580 R.
1085 2552 1110 2571 51
1134 2553 1301 2579 Thramm.
1327 2553 1359 2579 R.

1543 1044 1580 1071 30

1541 1369 1576 1395 35

1540 1694 1576 1721 4c

1539 2019 1575 2046 45

1538 2343 1572 2370 50
