1690 2734
92 157 117 188 Ι.
139 155 225 198 ¹35]
433 150 632 202 lVeptmze
666 148 798 188 Stz'lls
831 148 900 188 tlce
939 148 1143 200 Tempest.
1435 158 1483 196 41

90 272 149 308 ille
170 273 266 320 regit
286 272 397 309 dictis
419 272 580 317 animos,
602 277 640 308 et
661 277 820 319 pectora
841 270 996 315 mulcet,
1011 291 1062 295 -—

89 337 143 373 sic
164 343 327 374 cunctus
347 337 473 385 pelagi
494 336 636 373 cecidit
657 336 792 384 fragor,
815 347 983 383 aequora
1003 341 1211 382 postquam

88 403 328 450 prospiciens
349 403 499 450 genitor
519 401 706 448 caeloque
729 401 902 437 invectus
925 406 1058 447 aperto
1439 405 1490 432 155

88 465 206 503 flectit
227 478 360 515 equos,
383 478 572 514 curruque
595 466 726 502 volans
749 465 815 501 dat
835 465 915 501 lora
936 464 1124 501 secundo.

142 531 292 568 Defessi
314 531 536 576 Aeneadae,
560 542 658 579 quae
681 531 855 578 proxima
877 530 997 575 litora,
1021 542 1134 566 cursu

87 596 330 633 contendunt
351 603 494 644 petere,
517 602 554 632 et
576 596 719 644 Libyae
742 601 938 631 vertuntur
959 594 1009 631 ad
1031 607 1129 631 oras.

89 662 156 698 Est
177 662 214 698 in
235 673 389 698 secessu
409 662 525 709 longo
547 661 653 697 locus
672 674 678 696 :
711 660 833 696 insula
854 667 1008 708 portum

87 726 202 763 efficit
223 727 378 765 obiectu
400 726 572 771 laterum,
595 726 733 773 quibus
755 726 879 762 omnis
902 726 948 762 ab
969 726 1046 762 alto
1438 724 1491 750 160

87 791 267 839 frangitur
287 792 402 839 inque
424 791 527 828 sinus
549 790 690 827 scindit
711 803 794 827 sese
817 791 922 827 unda
942 791 1137 828 reductos.

88 857 192 893 Hinc
215 863 329 905 atque
351 857 440 893 hinc
461 864 589 893 vastae
612 868 726 904 rupes
748 857 970 904 geminique
992 857 1187 892 minantur

86 922 123 957 in
144 922 291 958 caelum
314 922 474 970 scopuli,
497 934 661 969 quorum
685 922 756 958 sub
778 922 919 957 vertice
941 921 1015 957 late

85 999 252 1035 aequora
272 994 353 1023 tuta
373 987 509 1032 silent,
542 994 622 1023 tum
646 987 745 1023 silvis
769 999 910 1023 scaena
931 987 1100 1022 coruscis

86 1052 254 1100 desuper
274 1052 519 1100 horrentique
542 1059 664 1088 atrum
688 1064 823 1087 nemus
845 1051 1020 1087 imminet
1042 1051 1187 1087 umbra.
1438 1049 1489 1083 165

87 1118 227 1154 Fronte
249 1118 319 1154 sub
341 1116 501 1153 adversa
522 1117 689 1164 scopulis
712 1116 975 1164 pendentibus
997 1122 1160 1161 antrum,

86 1183 185 1219 intus
206 1194 327 1230 aquae
350 1181 483 1218 dulces
506 1182 669 1229 vivoque
693 1181 827 1217 sedilia
848 1192 953 1225 saxo,

86 1247 341 1295 nympharum
365 1246 505 1285 domus
524 1261 530 1283 :
564 1246 626 1282 hic
648 1246 765 1282 fessas
787 1258 866 1282 non
888 1245 1041 1282 vincula
1061 1245 1168 1281 navis

86 1312 160 1348 ulla
179 1319 322 1357 tenent,
344 1324 447 1348 unco
469 1324 547 1348 non
569 1311 695 1359 alligat
716 1323 860 1347 ancora
882 1323 1025 1347 morsu.

89 1378 179 1413 Huc
200 1383 348 1425 septem
370 1378 520 1413 Aeneas
543 1376 715 1412 collectis
736 1376 896 1412 navibus
918 1375 1024 1411 omni
1437 1381 1490 1408 170

86 1453 133 1478 ex
152 1453 312 1478 numero
333 1442 433 1479 subit
450 1455 458 1487 3
491 1454 536 1477 ac
558 1453 699 1489 magno
720 1440 861 1477 telluris
884 1452 1016 1476 amore

85 1507 226 1555 egressi
247 1513 378 1555 optata
398 1507 596 1555 potiuntur
617 1507 651 1542 T
653 1503 737 1542 roes
759 1518 886 1550 arena,

86 1578 124 1608 et
143 1572 219 1608 sale
240 1572 405 1609 tabentis
426 1577 526 1607 artus
549 1571 586 1607 in
608 1570 715 1607 litore
737 1576 899 1618 ponunt.

87 1638 141 1672 Ac
162 1637 329 1685 primum
350 1637 444 1673 silici
466 1636 672 1673 scintillam
695 1635 852 1672 excudit
873 1635 1055 1680 Achates,

85 1702 336 1750 succepitque
358 1703 486 1750 ignem
508 1701 617 1746 foliis,
642 1707 757 1748 atque
778 1699 885 1736 arida
905 1700 1050 1736 circum
1438 1705 1489 1733 175

87 1767 319 1803 nutrimenta
339 1766 458 1811 dedit,
481 1767 686 1815 rapuitque
710 1765 749 1802 in
770 1765 902 1802 fomite
925 1765 1133 1801 flammam.

86 1833 186 1868 Tum
208 1833 389 1869 Cererem
410 1838 631 1880 corruptam
653 1830 768 1867 undis
791 1830 1042 1877 Cerealiaque
1066 1841 1172 1865 arma

86 1896 297 1946 expediunt
318 1897 403 1933 fessi
425 1909 562 1941 rerum,
586 1896 792 1944 frugesque
816 1900 992 1943 receptas

87 1969 124 1999 et
144 1969 284 1999 torrere
305 1969 440 2011 parant
462 1961 624 1998 flammis
647 1967 684 1997 et
707 1961 880 2009 frangere
901 1972 1006 1996 saxo.

140 2029 290 2065 Aeneas
311 2027 515 2076 scopulum
536 2027 682 2063 interea
704 2024 946 2070 conscendit,
971 2031 1009 2061 et
1031 2036 1189 2061 omnem
1438 2023 1491 2048 180

87 2099 336 2146 prospectum
356 2092 430 2129 late
450 2092 588 2140 pelago
610 2091 718 2139 petit,
741 2090 894 2128 Anthea
917 2090 946 2126 si
968 2101 1084 2138 quem

88 2159 268 2195 iactatum
288 2163 404 2194 vento
424 2156 553 2193 videat
575 2156 834 2204 Phrygiasque
857 2155 1024 2200 biremis,

87 2229 152 2259 aut
173 2223 321 2271 Capyn,
344 2229 407 2258 aut
428 2222 538 2258 celsis
559 2221 597 2258 in
618 2221 813 2270 puppibus
834 2233 938 2257 arma
960 2220 1080 2258 Caici.

89 2287 238 2324 Navem
260 2287 297 2323 in
320 2293 534 2335 conspectu
556 2285 711 2331 nullam,
733 2286 798 2322 tris
820 2285 928 2322 litore
951 2296 1085 2321 cervos

87 2352 270 2400 prospicit
291 2351 448 2389 errantis
464 2365 473 2398 3
504 2351 574 2388 hos
595 2357 676 2388 tota
696 2356 869 2387 armenta
889 2356 1102 2397 sequuntur
1439 2347 1489 2381 185

180 2456 222 2476 153
239 2459 301 2486 iste.
327 2458 367 2486 H.
449 2457 490 2477 ¹⁶⁴³
506 2466 603 2485 scena.
628 2457 668 2485 H.
776 2455 819 2476 175
834 2456 971 2491 suscepit.
995 2455 1069 2484 Eds.
1134 2453 1177 2473 135
1192 2456 1345 2481 secuntur.
1372 2452 1406 2480 R.

179 2505 222 2526 160
238 2506 344 2543 effecit.
448 2505 491 2526 173
506 2506 634 2534 harena.
659 2505 694 2533 R.
777 2504 818 2525 151
835 2505 961 2540 siquem.
983 2505 1017 2532 R.
