1690 2734
170 162 223 201 28
666 160 882 201 Pastoral
909 161 1079 203 Poems.

169 284 243 321 ulla
263 296 410 321 moram
430 284 569 330 fecere,
590 295 718 332 neque
739 284 887 321 Aoniae
909 285 1125 333 Aganippe.

171 349 283 386 Illum
303 349 418 385 etiam
438 349 542 394 lauri,
566 349 682 385 etiam
704 348 840 385 flevere
861 349 1040 398 myricae.

170 414 311 450 Pinifer
331 414 435 449 illum
457 414 572 449 etiam
593 413 674 449 sola
693 413 763 450 sub
783 425 877 462 rupe
898 414 1090 450 iacentem

171 478 384 523 Maenalus,
406 485 443 514 et
464 477 580 526 gelidi
600 477 785 514 fleverunt
809 490 900 514 saxa
922 479 1075 526 Lycaei.

170 544 278 580 Stant
299 549 337 579 et
357 554 448 579 oves
468 543 614 578 circum
632 556 706 588 3—
719 543 838 579 nostri
860 554 933 579 nec
954 543 1127 591 poenitet
1148 543 1239 589 illas,

170 619 243 644 nec
263 614 300 643 te
321 607 519 655 poeniteat
539 607 702 655 pecoris,
725 606 853 643 divine
876 607 994 655 poe'ta
1008 621 1018 653 ‚-
1033 629 1085 633 ——

169 679 207 709 et
227 672 416 708 formosus
437 672 518 708 ovis
540 671 589 708 ad
610 671 767 707 flumina
786 672 889 719 pavit
912 671 1060 708 Adonis
1076 686 1086 719 3

169 737 272 773 venit
293 742 331 772 et
351 736 469 784 upilio
486 749 495 782 3
527 735 623 772 tardi
644 748 783 773 venere
805 736 953 773 subulci
969 750 979 783 3

169 800 305 837 uvidus
328 801 487 837 hiberna
506 801 610 837 venit
631 800 679 837 de
700 801 840 849 glande
864 801 1074 839 Menalcas.

225 866 373 902 Omnes
400 865 508 902 [sude
529 878 642 902 amor
659 867 727 902 isle
746 873 883 914 rogant
903 867 1003 903 tibi?
1059 868 1175 904 Venit
1195 869 1335 917 Apollo
1352 884 1359 906 :

171 933 179 949 ‘
195 930 318 976 Galle,
341 929 433 978 quid
455 930 646 967 insanis?'
669 931 790 979 inquit
806 945 816 977 3
848 934 856 949 ‘
871 938 935 968 tua
955 944 1046 968 cura
1068 933 1223 981 Lycoris

171 1007 315 1044 perque
337 995 443 1032 nives
464 995 580 1031 alium
600 1007 745 1043 perque
767 995 923 1033 horrida
943 1003 1067 1033 castra
1087 1004 1219 1034 secuta
1239 999 1321 1036 est.'

171 1061 285 1097 Venit
306 1067 343 1097 et
364 1061 499 1108 agresti
524 1061 657 1108 capitis
680 1061 850 1098 Silvanus
872 1061 1031 1106 honore,

171 1125 338 1162 florentis
361 1125 497 1162 ferulas
518 1131 555 1162 et
574 1125 734 1173 grandia
753 1126 828 1162 lilia
849 1138 1043 1174 quassans.

173 1191 252 1226 Pan
273 1189 369 1226 deus
391 1189 578 1226 Arcadiae
599 1191 714 1236 venit,
737 1202 853 1238 quem
874 1191 1037 1228 vidimus
1059 1192 1130 1240 ipsi

171 1255 388 1303 sanguineis
410 1255 509 1291 ebuli
531 1255 637 1291 bacis
658 1255 854 1303 minioque
875 1256 1090 1294 rubentem.

172 1321 181 1338 ‘
198 1319 342 1367 Ecquis
363 1319 432 1355 erit
452 1318 642 1356 modus?'
672 1320 792 1368 inquit
809 1334 819 1366 3
851 1323 859 1338 ‘
874 1322 993 1357 Amor
1014 1333 1091 1358 non
1113 1323 1201 1359 talia
1220 1331 1326 1361 curat
1342 1338 1351 1371 3

171 1396 245 1420 nec
265 1384 429 1420 lacrimis
451 1383 614 1420 crudelis
636 1386 766 1429 Amor,
788 1396 861 1421 nec
882 1386 1054 1433 gramina
1073 1387 1170 1432 rivis,

171 1461 244 1486 nec
266 1450 388 1498 cytiso
409 1456 623 1486 saturantur
642 1461 746 1498 apes,
768 1462 841 1486 nec
864 1451 998 1487 fronde
1021 1452 1215 1500 capellae.’

223 1514 355 1550 Tristis
377 1520 414 1551 at
434 1514 494 1550 ille
513 1529 519 1551 :
554 1515 724 1551 ‘Tamen
746 1515 958 1558 cantabitis,
981 1516 1173 1553 Arcades'
1196 1518 1317 1566 inquit

172 1579 390 1616 ‘montibus
412 1579 508 1615 haec
530 1580 661 1616 vestris
679 1594 685 1616 :
719 1579 788 1616 5011
809 1587 964 1616 cantare
986 1581 1095 1629 periti

172 1643 354 1680 Arcades.
413 1644 448 1681 O
470 1644 562 1680 mihi
587 1651 669 1680 tum
690 1656 805 1692 quam
826 1645 989 1681 molliter
1010 1658 1096 1682 ossa
1116 1647 1327 1693 quiescant,

171 1715 294 1745 vestra
314 1721 421 1745 meos
443 1709 533 1745 olim
555 1709 584 1745 si
605 1709 729 1745 fistula
749 1709 852 1745 dicat
873 1722 1023 1746 amores
1043 1712 1048 1746 1

172 1775 297 1821 Atque
318 1774 463 1810 utinam
485 1785 532 1810 ex
551 1774 659 1810 vobis
680 1786 789 1819 unus,
811 1775 1002 1822 vestrique
1024 1775 1179 1812 fuissem

171 1844 235 1874 aut
256 1845 383 1874 custos
404 1839 539 1886 gregis,
562 1844 625 1875 aut
646 1845 814 1875 maturae
835 1839 974 1876 vinitor
994 1852 1088 1876 uvae
1109 1842 1115 1877 1

172 1903 298 1947 Certe,
320 1903 397 1939 sive
419 1903 511 1939 mihi
533 1903 671 1948 Phillis,
695 1904 772 1940 sive
795 1911 895 1940 esset
916 1906 1112 1952 Amyntas,

171 1979 238 2004 seu
260 1968 493 2015 quicumque
515 1967 787 2015 furor—quid
809 1975 902 2014 tum,
926 1969 955 2005 si
978 1970 1105 2006 fuscus
1126 1971 1336 2018 Amyntas3

170 2039 207 2068 et
237 2032 364 2079 nigrae
392 2032 512 2068 violae
535 2038 620 2068 sunt
641 2038 678 2068 et
698 2033 873 2068 vaccinia
893 2033 1062 2081 nigra—

170 2109 325 2133 mecum
346 2097 442 2133 inter
462 2097 595 2133 salices
617 2097 720 2133 lenta
740 2097 811 2133 sub
831 2097 905 2133 vite
927 2097 1069 2134 iaceret
1083 2112 1094 2144 3

169 2167 268 2197 serta
288 2161 380 2197 mihi
402 2161 541 2209 Phyllis
562 2161 717 2209 legeret,
741 2168 911 2198 cantaret
931 2164 1128 2210 Amyntas.

224 2228 232 2243 ‘
249 2226 326 2261 Hic
348 2225 463 2273 gelidi
484 2226 620 2271 fontes,
644 2226 703 2262 1116
727 2226 855 2262 mollia
875 2234 994 2274 prata,
1019 2228 1167 2275 Lycori,

170 2288 230 2324 hic
251 2301 387 2326 nemus
405 2303 413 2335 3
444 2290 505 2326 1116
527 2291 610 2338 ipso
630 2298 760 2327 tecum
781 2303 1029 2328 consumerer
1048 2304 1156 2329 aevo.

171 2353 285 2389 Nunc
306 2353 459 2391 insanus
480 2366 588 2391 amor
608 2354 691 2391 duri
712 2367 773 2391 me
796 2356 929 2392 Martis
950 2356 988 2392 in
1009 2357 1121 2394 armis

483 2445 512 2466 12
526 2447 635 2475 Aonie.
659 2448 699 2475 H.
1010 2448 1037 2468 19
1052 2449 1181 2478 bubulci.
1205 2450 1247 2479 H.

484 2494 509 2515 17
526 2496 667 2524 omitted.
691 2497 726 2525 R.
1010 2497 1039 2517 23
1059 2502 1197 2527 secutast.
1220 2499 1255 2528 R.

1417 169 1566 211 [Bucon.

1533 486 1565 516 15

1532 829 1568 848 20

1532 1137 1567 1166 25

1530 1479 1568 1507 30

1529 1786 1566 1814 35

1527 2124 1564 2153 40
