<?xml version="1.0" encoding="UTF-8"?>
<!DOCTYPE html PUBLIC "-//W3C//DTD XHTML 1.0 Transitional//EN"
    "http://www.w3.org/TR/xhtml1/DTD/xhtml1-transitional.dtd">
<html xmlns="http://www.w3.org/1999/xhtml" xml:lang="en" lang="en">
 <head>
  <title>
</title>
<meta http-equiv="Content-Type" content="text/html;charset=utf-8" />
  <meta name='ocr-system' content='tesseract 3.04.00' />
  <meta name='ocr-capabilities' content='ocr_page ocr_carea ocr_par ocr_line ocrx_word'/>
</head>
<body>
  <div class='ocr_page' id='page_1' title='image "./bucolicaaeneisge00virguoft/bucolicaaeneisge00virguoft_0177.png"; bbox 0 0 1690 2734; ppageno 0'>
   <div class='ocr_carea' id='block_1_1' title="bbox 196 109 1152 162">
    <p class='ocr_par' dir='ltr' id='par_1_1' title="bbox 196 109 1152 162">
     <span class='ocr_line' id='line_1_1' title="bbox 196 109 1152 162; baseline -0.001 -10"><span class='ocrx_word' id='word_1_1' title='bbox 196 120 236 152; x_wconf 90' lang='lat' dir='ltr'>V.</span> <span class='ocrx_word' id='word_1_2' title='bbox 253 119 346 162; x_wconf 85' lang='lat'><strong>459·]</strong></span> <span class='ocrx_word' id='word_1_3' title='bbox 643 111 786 150; x_wconf 78' lang='lat' dir='ltr'>Dares</span> <span class='ocrx_word' id='word_1_4' title='bbox 817 109 912 150; x_wconf 81' lang='lat' dir='ltr'>and</span> <span class='ocrx_word' id='word_1_5' title='bbox 936 109 1152 151; x_wconf 80' lang='lat' dir='ltr'><em>Entellus.</em></span> 
     </span>
    </p>
   </div>
   <div class='ocr_carea' id='block_1_2' title="bbox 190 231 1194 478">
    <p class='ocr_par' dir='ltr' id='par_1_2' title="bbox 190 231 1194 478">
     <span class='ocr_line' id='line_1_2' title="bbox 192 231 1129 285; baseline -0.005 -11"><span class='ocrx_word' id='word_1_6' title='bbox 192 243 232 274; x_wconf 90' lang='lat' dir='ltr'>et</span> <span class='ocrx_word' id='word_1_7' title='bbox 251 236 403 285; x_wconf 88' lang='lat' dir='ltr'>paribus</span> <span class='ocrx_word' id='word_1_8' title='bbox 423 235 569 285; x_wconf 87' lang='lat' dir='ltr'>palmas</span> <span class='ocrx_word' id='word_1_9' title='bbox 590 235 791 272; x_wconf 88' lang='lat' dir='ltr'>amborum</span> <span class='ocrx_word' id='word_1_10' title='bbox 811 233 984 271; x_wconf 86' lang='lat' dir='ltr'>innexuit</span> <span class='ocrx_word' id='word_1_11' title='bbox 1004 231 1129 270; x_wconf 83' lang='lat' dir='ltr'>armis.</span> 
     </span>
     <span class='ocr_line' id='line_1_3' title="bbox 192 299 1194 349; baseline -0.005 -10"><span class='ocrx_word' id='word_1_12' title='bbox 192 301 374 339; x_wconf 88' lang='lat' dir='ltr'>Constitit</span> <span class='ocrx_word' id='word_1_13' title='bbox 394 301 432 338; x_wconf 91' lang='lat' dir='ltr'>in</span> <span class='ocrx_word' id='word_1_14' title='bbox 453 300 594 349; x_wconf 86' lang='lat' dir='ltr'>digitos</span> <span class='ocrx_word' id='word_1_15' title='bbox 615 299 811 348; x_wconf 88' lang='lat' dir='ltr'>extemplo</span> <span class='ocrx_word' id='word_1_16' title='bbox 832 305 1000 336; x_wconf 87' lang='lat' dir='ltr'>arrectus</span> <span class='ocrx_word' id='word_1_17' title='bbox 1020 304 1194 346; x_wconf 90' lang='lat' dir='ltr'>uterque,</span> 
     </span>
     <span class='ocr_line' id='line_1_4' title="bbox 191 364 1182 415; baseline -0.005 -11"><span class='ocrx_word' id='word_1_18' title='bbox 191 366 426 415; x_wconf 89' lang='lat' dir='ltr'>brachiaque</span> <span class='ocrx_word' id='word_1_19' title='bbox 447 365 497 403; x_wconf 89' lang='lat' dir='ltr'>ad</span> <span class='ocrx_word' id='word_1_20' title='bbox 518 377 678 414; x_wconf 89' lang='lat' dir='ltr'>superas</span> <span class='ocrx_word' id='word_1_21' title='bbox 699 364 888 402; x_wconf 86' lang='lat' dir='ltr'>interritus</span> <span class='ocrx_word' id='word_1_22' title='bbox 908 364 1041 401; x_wconf 89' lang='lat' dir='ltr'>extulit</span> <span class='ocrx_word' id='word_1_23' title='bbox 1061 375 1182 400; x_wconf 90' lang='lat' dir='ltr'>auras.</span> 
     </span>
     <span class='ocr_line' id='line_1_5' title="bbox 190 428 1118 478; baseline -0.005 -9"><span class='ocrx_word' id='word_1_24' title='bbox 190 431 397 469; x_wconf 87' lang='lat' dir='ltr'>Abduxere</span> <span class='ocrx_word' id='word_1_25' title='bbox 417 437 518 468; x_wconf 91' lang='lat' dir='ltr'>retro</span> <span class='ocrx_word' id='word_1_26' title='bbox 538 431 652 478; x_wconf 90' lang='lat' dir='ltr'>longe</span> <span class='ocrx_word' id='word_1_27' title='bbox 673 430 801 478; x_wconf 90' lang='lat' dir='ltr'>capita</span> <span class='ocrx_word' id='word_1_28' title='bbox 820 428 940 466; x_wconf 89' lang='lat' dir='ltr'>ardua</span> <span class='ocrx_word' id='word_1_29' title='bbox 959 429 1007 465; x_wconf 91' lang='lat' dir='ltr'>ab</span> <span class='ocrx_word' id='word_1_30' title='bbox 1028 428 1118 473; x_wconf 88' lang='lat' dir='ltr'>ictu,</span> 
     </span>
    </p>
   </div>
   <div class='ocr_carea' id='block_1_3' title="bbox 189 493 1352 544">
    <p class='ocr_par' dir='ltr' id='par_1_3' title="bbox 189 493 1352 544">
     <span class='ocr_line' id='line_1_6' title="bbox 189 493 1352 544; baseline -0.004 -11"><span class='ocrx_word' id='word_1_31' title='bbox 189 496 486 544; x_wconf 83' lang='lat' dir='ltr'>immiscentque</span> <span class='ocrx_word' id='word_1_32' title='bbox 507 508 642 532; x_wconf 87' lang='lat' dir='ltr'>manus</span> <span class='ocrx_word' id='word_1_33' title='bbox 665 495 854 540; x_wconf 88' lang='lat' dir='ltr'>manibus,</span> <span class='ocrx_word' id='word_1_34' title='bbox 876 505 1125 542; x_wconf 81' lang='lat' dir='ltr'>pugnamque</span> <span class='ocrx_word' id='word_1_35' title='bbox 1147 493 1352 529; x_wconf 87' lang='lat' dir='ltr'>lacessunt.</span> 
     </span>
    </p>
   </div>
   <div class='ocr_carea' id='block_1_4' title="bbox 185 559 1321 2237">
    <p class='ocr_par' dir='ltr' id='par_1_4' title="bbox 185 559 1321 2237">
     <span class='ocr_line' id='line_1_7' title="bbox 190 559 1140 610; baseline -0.004 -12"><span class='ocrx_word' id='word_1_36' title='bbox 190 562 258 598; x_wconf 89' lang='lat' dir='ltr'>Ille</span> <span class='ocrx_word' id='word_1_37' title='bbox 280 561 425 610; x_wconf 90' lang='lat' dir='ltr'>pedum</span> <span class='ocrx_word' id='word_1_38' title='bbox 447 561 582 598; x_wconf 90' lang='lat' dir='ltr'>melior</span> <span class='ocrx_word' id='word_1_39' title='bbox 601 566 721 606; x_wconf 88' lang='lat' dir='ltr'>motu,</span> <span class='ocrx_word' id='word_1_40' title='bbox 744 559 939 607; x_wconf 85' lang='lat' dir='ltr'>fretusque</span> <span class='ocrx_word' id='word_1_41' title='bbox 961 559 1140 604; x_wconf 85' lang='lat' dir='ltr'>iuventa;</span> 
     </span>
     <span class='ocr_line' id='line_1_8' title="bbox 189 623 1215 670; baseline -0.004 -7"><span class='ocrx_word' id='word_1_42' title='bbox 189 626 251 663; x_wconf 93' lang='lat' dir='ltr'>hic</span> <span class='ocrx_word' id='word_1_43' title='bbox 272 626 453 663; x_wconf 88' lang='lat' dir='ltr'>membris</span> <span class='ocrx_word' id='word_1_44' title='bbox 473 632 512 663; x_wconf 92' lang='lat' dir='ltr'>et</span> <span class='ocrx_word' id='word_1_45' title='bbox 531 626 633 662; x_wconf 86' lang='lat' dir='ltr'>mole</span> <span class='ocrx_word' id='word_1_46' title='bbox 653 625 795 670; x_wconf 84' lang='lat' dir='ltr'>valens,</span> <span class='ocrx_word' id='word_1_47' title='bbox 817 624 887 661; x_wconf 89' lang='lat' dir='ltr'>sed</span> <span class='ocrx_word' id='word_1_48' title='bbox 907 623 1016 660; x_wconf 90' lang='lat' dir='ltr'>tarda</span> <span class='ocrx_word' id='word_1_49' title='bbox 1035 623 1215 660; x_wconf 88' lang='lat' dir='ltr'>trementi</span> 
     </span>
     <span class='ocr_line' id='line_1_9' title="bbox 187 688 1240 740; baseline -0.004 -12"><span class='ocrx_word' id='word_1_50' title='bbox 187 704 313 740; x_wconf 87' lang='lat' dir='ltr'>genua</span> <span class='ocrx_word' id='word_1_51' title='bbox 332 691 473 737; x_wconf 89' lang='lat' dir='ltr'>labant,</span> <span class='ocrx_word' id='word_1_52' title='bbox 494 697 621 727; x_wconf 87' lang='lat' dir='ltr'>vastos</span> <span class='ocrx_word' id='word_1_53' title='bbox 642 690 764 739; x_wconf 88' lang='lat' dir='ltr'>quatit</span> <span class='ocrx_word' id='word_1_54' title='bbox 783 701 898 738; x_wconf 86' lang='lat' dir='ltr'>aeger</span> <span class='ocrx_word' id='word_1_55' title='bbox 917 688 1106 725; x_wconf 81' lang='lat' dir='ltr'>anhelitus</span> <span class='ocrx_word' id='word_1_56' title='bbox 1126 694 1240 725; x_wconf 88' lang='lat' dir='ltr'>artus.</span> 
     </span>
     <span class='ocr_line' id='line_1_10' title="bbox 188 754 1186 804; baseline -0.003 -11"><span class='ocrx_word' id='word_1_57' title='bbox 188 756 313 793; x_wconf 87' lang='lat' dir='ltr'>Multa</span> <span class='ocrx_word' id='word_1_58' title='bbox 331 756 398 793; x_wconf 90' lang='lat' dir='ltr'>viri</span> <span class='ocrx_word' id='word_1_59' title='bbox 418 756 654 804; x_wconf 86' lang='lat' dir='ltr'>nequiquam</span> <span class='ocrx_word' id='word_1_60' title='bbox 676 756 774 792; x_wconf 86' lang='lat' dir='ltr'>inter</span> <span class='ocrx_word' id='word_1_61' title='bbox 793 767 833 792; x_wconf 91' lang='lat' dir='ltr'>se</span> <span class='ocrx_word' id='word_1_62' title='bbox 855 755 1012 792; x_wconf 88' lang='lat' dir='ltr'>volnera</span> <span class='ocrx_word' id='word_1_63' title='bbox 1031 754 1186 798; x_wconf 88' lang='lat' dir='ltr'>iactant,</span> 
     </span>
     <span class='ocr_line' id='line_1_11' title="bbox 187 821 1204 869; baseline -0.003 -11"><span class='ocrx_word' id='word_1_64' title='bbox 187 822 306 858; x_wconf 88' lang='lat' dir='ltr'>multa</span> <span class='ocrx_word' id='word_1_65' title='bbox 327 833 422 858; x_wconf 88' lang='lat' dir='ltr'>cavo</span> <span class='ocrx_word' id='word_1_66' title='bbox 443 821 549 858; x_wconf 87' lang='lat' dir='ltr'>lateri</span> <span class='ocrx_word' id='word_1_67' title='bbox 567 821 818 869; x_wconf 83' lang='lat' dir='ltr'>ingeminant,</span> <span class='ocrx_word' id='word_1_68' title='bbox 840 827 878 857; x_wconf 90' lang='lat' dir='ltr'>et</span> <span class='ocrx_word' id='word_1_69' title='bbox 897 825 1056 868; x_wconf 84' lang='lat' dir='ltr'>pectore</span> <span class='ocrx_word' id='word_1_70' title='bbox 1076 825 1204 855; x_wconf 84' lang='lat' dir='ltr'>vastos</span> 
     </span>
     <span class='ocr_line' id='line_1_12' title="bbox 187 884 1200 935; baseline -0.003 -12"><span class='ocrx_word' id='word_1_71' title='bbox 187 886 280 923; x_wconf 87' lang='lat' dir='ltr'>dant</span> <span class='ocrx_word' id='word_1_72' title='bbox 301 887 460 931; x_wconf 90' lang='lat' dir='ltr'>sonitus,</span> <span class='ocrx_word' id='word_1_73' title='bbox 482 893 657 935; x_wconf 88' lang='lat' dir='ltr'>erratque</span> <span class='ocrx_word' id='word_1_74' title='bbox 679 887 777 923; x_wconf 87' lang='lat' dir='ltr'>auris</span> <span class='ocrx_word' id='word_1_75' title='bbox 799 892 837 923; x_wconf 92' lang='lat' dir='ltr'>et</span> <span class='ocrx_word' id='word_1_76' title='bbox 857 892 1034 933; x_wconf 89' lang='lat' dir='ltr'>tempora</span> <span class='ocrx_word' id='word_1_77' title='bbox 1054 884 1200 920; x_wconf 90' lang='lat' dir='ltr'>circum</span> 
     </span>
     <span class='ocr_line' id='line_1_13' title="bbox 188 949 1242 1000; baseline -0.003 -12"><span class='ocrx_word' id='word_1_78' title='bbox 188 952 322 989; x_wconf 90' lang='lat' dir='ltr'>crebra</span> <span class='ocrx_word' id='word_1_79' title='bbox 342 964 490 997; x_wconf 89' lang='lat' dir='ltr'>manus,</span> <span class='ocrx_word' id='word_1_80' title='bbox 513 951 611 988; x_wconf 91' lang='lat' dir='ltr'>duro</span> <span class='ocrx_word' id='word_1_81' title='bbox 633 952 821 1000; x_wconf 85' lang='lat' dir='ltr'>crepitant</span> <span class='ocrx_word' id='word_1_82' title='bbox 841 951 911 988; x_wconf 91' lang='lat' dir='ltr'>sub</span> <span class='ocrx_word' id='word_1_83' title='bbox 931 950 1085 986; x_wconf 91' lang='lat' dir='ltr'>volnere</span> <span class='ocrx_word' id='word_1_84' title='bbox 1107 949 1242 985; x_wconf 88' lang='lat' dir='ltr'>malae.</span> 
     </span>
     <span class='ocr_line' id='line_1_14' title="bbox 240 1015 1221 1065; baseline -0.001 -12"><span class='ocrx_word' id='word_1_85' title='bbox 240 1017 321 1054; x_wconf 89' lang='lat' dir='ltr'>Stat</span> <span class='ocrx_word' id='word_1_86' title='bbox 340 1017 461 1065; x_wconf 86' lang='lat' dir='ltr'>gravis</span> <span class='ocrx_word' id='word_1_87' title='bbox 484 1017 657 1053; x_wconf 83' lang='lat' dir='ltr'>Entellus</span> <span class='ocrx_word' id='word_1_88' title='bbox 678 1017 840 1064; x_wconf 87' lang='lat' dir='ltr'>nisuque</span> <span class='ocrx_word' id='word_1_89' title='bbox 862 1016 1044 1052; x_wconf 86' lang='lat' dir='ltr'>immotus</span> <span class='ocrx_word' id='word_1_90' title='bbox 1065 1015 1221 1061; x_wconf 90' lang='lat' dir='ltr'>eodem,</span> 
     </span>
     <span class='ocr_line' id='line_1_15' title="bbox 186 1072 1234 1130; baseline -0.001 -12"><span class='ocrx_word' id='word_1_91' title='bbox 186 1072 348 1130; x_wconf 84' lang='lat' dir='ltr'>corpore</span> <span class='ocrx_word' id='word_1_92' title='bbox 369 1082 444 1118; x_wconf 91' lang='lat' dir='ltr'>tela</span> <span class='ocrx_word' id='word_1_93' title='bbox 464 1082 583 1118; x_wconf 87' lang='lat' dir='ltr'>modo</span> <span class='ocrx_word' id='word_1_94' title='bbox 606 1088 720 1129; x_wconf 90' lang='lat' dir='ltr'>atque</span> <span class='ocrx_word' id='word_1_95' title='bbox 741 1082 861 1117; x_wconf 84' lang='lat' dir='ltr'>oculis</span> <span class='ocrx_word' id='word_1_96' title='bbox 882 1081 1123 1129; x_wconf 85' lang='lat' dir='ltr'>vigilantibus</span> <span class='ocrx_word' id='word_1_97' title='bbox 1144 1080 1234 1118; x_wconf 86' lang='lat' dir='ltr'>exit.</span> 
     </span>
     <span class='ocr_line' id='line_1_16' title="bbox 188 1146 1215 1194; baseline -0.001 -11"><span class='ocrx_word' id='word_1_98' title='bbox 188 1147 268 1192; x_wconf 90' lang='lat' dir='ltr'>Ille,</span> <span class='ocrx_word' id='word_1_99' title='bbox 289 1147 391 1183; x_wconf 89' lang='lat' dir='ltr'>velut</span> <span class='ocrx_word' id='word_1_100' title='bbox 412 1147 553 1183; x_wconf 82' lang='lat' dir='ltr'>celsam</span> <span class='ocrx_word' id='word_1_101' title='bbox 575 1153 774 1194; x_wconf 87' lang='lat' dir='ltr'>oppugnat</span> <span class='ocrx_word' id='word_1_102' title='bbox 795 1146 859 1194; x_wconf 90' lang='lat' dir='ltr'>qui</span> <span class='ocrx_word' id='word_1_103' title='bbox 880 1146 1047 1183; x_wconf 89' lang='lat' dir='ltr'>molibus</span> <span class='ocrx_word' id='word_1_104' title='bbox 1067 1146 1215 1192; x_wconf 90' lang='lat' dir='ltr'>urbem,</span> 
     </span>
     <span class='ocr_line' id='line_1_17' title="bbox 187 1211 1163 1256; baseline 0 -8"><span class='ocrx_word' id='word_1_105' title='bbox 187 1219 250 1248; x_wconf 85' lang='lat' dir='ltr'>aut</span> <span class='ocrx_word' id='word_1_106' title='bbox 270 1218 455 1248; x_wconf 86' lang='lat' dir='ltr'>montana</span> <span class='ocrx_word' id='word_1_107' title='bbox 475 1211 586 1248; x_wconf 88' lang='lat' dir='ltr'>sedet</span> <span class='ocrx_word' id='word_1_108' title='bbox 607 1212 752 1247; x_wconf 85' lang='lat' dir='ltr'>circum</span> <span class='ocrx_word' id='word_1_109' title='bbox 773 1211 928 1247; x_wconf 89' lang='lat' dir='ltr'>castella</span> <span class='ocrx_word' id='word_1_110' title='bbox 947 1211 1018 1248; x_wconf 92' lang='lat' dir='ltr'>sub</span> <span class='ocrx_word' id='word_1_111' title='bbox 1038 1211 1163 1256; x_wconf 87' lang='lat' dir='ltr'>armis,</span> 
     </span>
     <span class='ocr_line' id='line_1_18' title="bbox 186 1275 1226 1325; baseline 0 -12"><span class='ocrx_word' id='word_1_112' title='bbox 186 1289 288 1313; x_wconf 90' lang='lat' dir='ltr'>nunc</span> <span class='ocrx_word' id='word_1_113' title='bbox 310 1276 392 1321; x_wconf 86' lang='lat' dir='ltr'>hos,</span> <span class='ocrx_word' id='word_1_114' title='bbox 413 1288 516 1313; x_wconf 92' lang='lat' dir='ltr'>nunc</span> <span class='ocrx_word' id='word_1_115' title='bbox 538 1276 620 1312; x_wconf 90' lang='lat' dir='ltr'>illos</span> <span class='ocrx_word' id='word_1_116' title='bbox 641 1275 779 1321; x_wconf 88' lang='lat' dir='ltr'>aditus,</span> <span class='ocrx_word' id='word_1_117' title='bbox 801 1288 1037 1324; x_wconf 88' lang='lat' dir='ltr'>omnemque</span> <span class='ocrx_word' id='word_1_118' title='bbox 1059 1289 1226 1325; x_wconf 68' lang='lat' dir='ltr'>pererrat</span> 
     </span>
     <span class='ocr_line' id='line_1_19' title="bbox 186 1340 1167 1390; baseline 0.001 -12"><span class='ocrx_word' id='word_1_119' title='bbox 186 1348 264 1378; x_wconf 90' lang='lat' dir='ltr'>arte</span> <span class='ocrx_word' id='word_1_120' title='bbox 286 1342 426 1386; x_wconf 88' lang='lat' dir='ltr'>locum,</span> <span class='ocrx_word' id='word_1_121' title='bbox 449 1348 486 1378; x_wconf 91' lang='lat' dir='ltr'>et</span> <span class='ocrx_word' id='word_1_122' title='bbox 505 1341 615 1378; x_wconf 88' lang='lat' dir='ltr'>variis</span> <span class='ocrx_word' id='word_1_123' title='bbox 636 1340 847 1378; x_wconf 84' lang='lat' dir='ltr'>adsultibus</span> <span class='ocrx_word' id='word_1_124' title='bbox 869 1341 999 1378; x_wconf 88' lang='lat' dir='ltr'>inritus</span> <span class='ocrx_word' id='word_1_125' title='bbox 1021 1349 1167 1390; x_wconf 88' lang='lat' dir='ltr'>urguet.</span> 
     </span>
     <span class='ocr_line' id='line_1_20' title="bbox 187 1406 1138 1455; baseline 0.001 -12"><span class='ocrx_word' id='word_1_126' title='bbox 187 1406 368 1444; x_wconf 89' lang='lat' dir='ltr'>Ostendit</span> <span class='ocrx_word' id='word_1_127' title='bbox 389 1406 562 1443; x_wconf 84' lang='lat' dir='ltr'>dextram</span> <span class='ocrx_word' id='word_1_128' title='bbox 583 1406 782 1455; x_wconf 81' lang='lat' dir='ltr'>insurgens</span> <span class='ocrx_word' id='word_1_129' title='bbox 805 1407 988 1452; x_wconf 87' lang='lat' dir='ltr'>Entellus,</span> <span class='ocrx_word' id='word_1_130' title='bbox 1007 1414 1044 1443; x_wconf 88' lang='lat' dir='ltr'>et</span> <span class='ocrx_word' id='word_1_131' title='bbox 1065 1407 1138 1444; x_wconf 87' lang='lat' dir='ltr'>alte</span> 
     </span>
     <span class='ocr_line' id='line_1_21' title="bbox 186 1471 1152 1510; baseline 0.001 -2"><span class='ocrx_word' id='word_1_132' title='bbox 186 1471 342 1508; x_wconf 90' lang='lat' dir='ltr'>extulit:</span> <span class='ocrx_word' id='word_1_133' title='bbox 373 1471 433 1508; x_wconf 92' lang='lat' dir='ltr'>ille</span> <span class='ocrx_word' id='word_1_134' title='bbox 455 1472 574 1508; x_wconf 87' lang='lat' dir='ltr'>ictum</span> <span class='ocrx_word' id='word_1_135' title='bbox 594 1472 815 1508; x_wconf 90' lang='lat' dir='ltr'>venientem</span> <span class='ocrx_word' id='word_1_136' title='bbox 837 1484 859 1508; x_wconf 92' lang='lat' dir='ltr'>a</span> <span class='ocrx_word' id='word_1_137' title='bbox 877 1472 1019 1508; x_wconf 88' lang='lat' dir='ltr'>vertice</span> <span class='ocrx_word' id='word_1_138' title='bbox 1040 1472 1152 1510; x_wconf 86' lang='lat' dir='ltr'>velox</span> 
     </span>
     <span class='ocr_line' id='line_1_22' title="bbox 186 1536 1102 1585; baseline 0.001 -12"><span class='ocrx_word' id='word_1_139' title='bbox 186 1536 384 1585; x_wconf 85' lang='lat' dir='ltr'>praevidit,</span> <span class='ocrx_word' id='word_1_140' title='bbox 406 1537 598 1584; x_wconf 89' lang='lat' dir='ltr'>celerique</span> <span class='ocrx_word' id='word_1_141' title='bbox 620 1537 770 1585; x_wconf 89' lang='lat' dir='ltr'>elapsus</span> <span class='ocrx_word' id='word_1_142' title='bbox 791 1549 954 1585; x_wconf 89' lang='lat' dir='ltr'>corpore</span> <span class='ocrx_word' id='word_1_143' title='bbox 975 1538 1102 1574; x_wconf 87' lang='lat' dir='ltr'>cessit.</span> 
     </span>
     <span class='ocr_line' id='line_1_23' title="bbox 188 1601 1057 1648; baseline 0.002 -10"><span class='ocrx_word' id='word_1_144' title='bbox 188 1601 359 1638; x_wconf 86' lang='lat' dir='ltr'>Entellus</span> <span class='ocrx_word' id='word_1_145' title='bbox 380 1601 476 1638; x_wconf 89' lang='lat' dir='ltr'>vires</span> <span class='ocrx_word' id='word_1_146' title='bbox 496 1601 535 1638; x_wconf 90' lang='lat' dir='ltr'>in</span> <span class='ocrx_word' id='word_1_147' title='bbox 555 1608 711 1639; x_wconf 90' lang='lat' dir='ltr'>ventum</span> <span class='ocrx_word' id='word_1_148' title='bbox 734 1601 879 1648; x_wconf 83' lang='lat' dir='ltr'>effudit,</span> <span class='ocrx_word' id='word_1_149' title='bbox 901 1609 938 1639; x_wconf 95' lang='lat' dir='ltr'>et</span> <span class='ocrx_word' id='word_1_150' title='bbox 959 1603 1057 1640; x_wconf 88' lang='lat' dir='ltr'>ultro</span> 
     </span>
     <span class='ocr_line' id='line_1_24' title="bbox 187 1666 1222 1716; baseline 0.003 -14"><span class='ocrx_word' id='word_1_151' title='bbox 187 1667 267 1714; x_wconf 91' lang='lat' dir='ltr'>ipse</span> <span class='ocrx_word' id='word_1_152' title='bbox 288 1666 410 1714; x_wconf 89' lang='lat' dir='ltr'>gravis</span> <span class='ocrx_word' id='word_1_153' title='bbox 431 1667 669 1715; x_wconf 87' lang='lat' dir='ltr'>graviterque</span> <span class='ocrx_word' id='word_1_154' title='bbox 690 1666 740 1703; x_wconf 91' lang='lat' dir='ltr'>ad</span> <span class='ocrx_word' id='word_1_155' title='bbox 760 1673 898 1704; x_wconf 88' lang='lat' dir='ltr'>terram</span> <span class='ocrx_word' id='word_1_156' title='bbox 919 1667 1093 1716; x_wconf 90' lang='lat' dir='ltr'>pondere</span> <span class='ocrx_word' id='word_1_157' title='bbox 1114 1676 1222 1705; x_wconf 89' lang='lat' dir='ltr'>vasto</span> 
     </span>
     <span class='ocr_line' id='line_1_25' title="bbox 187 1731 1321 1783; baseline 0.004 -16"><span class='ocrx_word' id='word_1_158' title='bbox 187 1731 371 1777; x_wconf 83' lang='lat' dir='ltr'>concidit,</span> <span class='ocrx_word' id='word_1_159' title='bbox 393 1737 434 1768; x_wconf 92' lang='lat' dir='ltr'>ut</span> <span class='ocrx_word' id='word_1_160' title='bbox 454 1731 653 1779; x_wconf 87' lang='lat' dir='ltr'>quondam</span> <span class='ocrx_word' id='word_1_161' title='bbox 674 1744 769 1768; x_wconf 90' lang='lat' dir='ltr'>cava</span> <span class='ocrx_word' id='word_1_162' title='bbox 789 1732 962 1770; x_wconf 89' lang='lat' dir='ltr'>concidit</span> <span class='ocrx_word' id='word_1_163' title='bbox 983 1740 1047 1771; x_wconf 92' lang='lat' dir='ltr'>aut</span> <span class='ocrx_word' id='word_1_164' title='bbox 1070 1733 1321 1783; x_wconf 87' lang='lat' dir='ltr'>Erymantho,</span> 
     </span>
     <span class='ocr_line' id='line_1_26' title="bbox 186 1796 1062 1847; baseline 0.003 -14"><span class='ocrx_word' id='word_1_165' title='bbox 186 1802 250 1833; x_wconf 88' lang='lat' dir='ltr'>aut</span> <span class='ocrx_word' id='word_1_166' title='bbox 271 1796 343 1833; x_wconf 87' lang='lat' dir='ltr'>Ida</span> <span class='ocrx_word' id='word_1_167' title='bbox 363 1797 401 1833; x_wconf 92' lang='lat' dir='ltr'>in</span> <span class='ocrx_word' id='word_1_168' title='bbox 423 1809 574 1845; x_wconf 89' lang='lat' dir='ltr'>magna,</span> <span class='ocrx_word' id='word_1_169' title='bbox 595 1796 788 1834; x_wconf 89' lang='lat' dir='ltr'>radicibus</span> <span class='ocrx_word' id='word_1_170' title='bbox 811 1804 918 1835; x_wconf 87' lang='lat' dir='ltr'>eruta</span> <span class='ocrx_word' id='word_1_171' title='bbox 938 1799 1062 1847; x_wconf 90' lang='lat' dir='ltr'>pinus.</span> 
     </span>
     <span class='ocr_line' id='line_1_27' title="bbox 186 1861 1190 1913; baseline 0.004 -15"><span class='ocrx_word' id='word_1_172' title='bbox 186 1861 432 1909; x_wconf 89' lang='lat' dir='ltr'>Consurgunt</span> <span class='ocrx_word' id='word_1_173' title='bbox 452 1861 585 1898; x_wconf 89' lang='lat' dir='ltr'>studiis</span> <span class='ocrx_word' id='word_1_174' title='bbox 605 1862 746 1898; x_wconf 88' lang='lat' dir='ltr'>Teucri</span> <span class='ocrx_word' id='word_1_175' title='bbox 768 1869 805 1899; x_wconf 90' lang='lat' dir='ltr'>et</span> <span class='ocrx_word' id='word_1_176' title='bbox 825 1863 1023 1900; x_wconf 87' lang='lat' dir='ltr'>Trinacria</span> <span class='ocrx_word' id='word_1_177' title='bbox 1043 1865 1165 1913; x_wconf 90' lang='lat' dir='ltr'>pubes</span> <span class='ocrx_word' id='word_1_178' title='bbox 1182 1878 1190 1910; x_wconf 85' lang='lat'>;</span> 
     </span>
     <span class='ocr_line' id='line_1_28' title="bbox 186 1926 1140 1975; baseline 0.004 -13"><span class='ocrx_word' id='word_1_179' title='bbox 186 1926 213 1962; x_wconf 85' lang='lat' dir='ltr'>it</span> <span class='ocrx_word' id='word_1_180' title='bbox 233 1926 378 1963; x_wconf 87' lang='lat' dir='ltr'>clamor</span> <span class='ocrx_word' id='word_1_181' title='bbox 398 1926 518 1972; x_wconf 88' lang='lat' dir='ltr'>caelo,</span> <span class='ocrx_word' id='word_1_182' title='bbox 540 1927 762 1975; x_wconf 89' lang='lat' dir='ltr'>primusque</span> <span class='ocrx_word' id='word_1_183' title='bbox 784 1929 948 1965; x_wconf 90' lang='lat' dir='ltr'>accurrit</span> <span class='ocrx_word' id='word_1_184' title='bbox 968 1930 1140 1975; x_wconf 90' lang='lat' dir='ltr'>Acestes,</span> 
     </span>
     <span class='ocr_line' id='line_1_29' title="bbox 186 1992 1279 2039; baseline 0.004 -12"><span class='ocrx_word' id='word_1_185' title='bbox 186 2003 503 2039; x_wconf 87' lang='lat' dir='ltr'>aequaevumque</span> <span class='ocrx_word' id='word_1_186' title='bbox 524 1992 572 2029; x_wconf 91' lang='lat' dir='ltr'>ab</span> <span class='ocrx_word' id='word_1_187' title='bbox 593 1992 711 2029; x_wconf 88' lang='lat' dir='ltr'>humo</span> <span class='ocrx_word' id='word_1_188' title='bbox 734 1994 919 2030; x_wconf 88' lang='lat' dir='ltr'>miserans</span> <span class='ocrx_word' id='word_1_189' title='bbox 940 1994 1076 2031; x_wconf 89' lang='lat' dir='ltr'>attollit</span> <span class='ocrx_word' id='word_1_190' title='bbox 1097 1994 1279 2031; x_wconf 87' lang='lat' dir='ltr'>amicum.</span> 
     </span>
     <span class='ocr_line' id='line_1_30' title="bbox 185 2056 1085 2106; baseline 0.006 -14"><span class='ocrx_word' id='word_1_191' title='bbox 185 2058 235 2093; x_wconf 87' lang='lat' dir='ltr'>At</span> <span class='ocrx_word' id='word_1_192' title='bbox 254 2068 333 2093; x_wconf 91' lang='lat' dir='ltr'>non</span> <span class='ocrx_word' id='word_1_193' title='bbox 353 2056 523 2093; x_wconf 89' lang='lat' dir='ltr'>tardatus</span> <span class='ocrx_word' id='word_1_194' title='bbox 545 2069 635 2094; x_wconf 85' lang='lat' dir='ltr'>casu</span> <span class='ocrx_word' id='word_1_195' title='bbox 655 2070 783 2106; x_wconf 88' lang='lat' dir='ltr'>neque</span> <span class='ocrx_word' id='word_1_196' title='bbox 804 2058 953 2096; x_wconf 88' lang='lat' dir='ltr'>territus</span> <span class='ocrx_word' id='word_1_197' title='bbox 973 2059 1085 2097; x_wconf 90' lang='lat' dir='ltr'>heros</span> 
     </span>
     <span class='ocr_line' id='line_1_31' title="bbox 186 2120 1127 2170; baseline 0.005 -13"><span class='ocrx_word' id='word_1_198' title='bbox 186 2121 309 2158; x_wconf 86' lang='lat' dir='ltr'>acrior</span> <span class='ocrx_word' id='word_1_199' title='bbox 328 2120 378 2158; x_wconf 86' lang='lat' dir='ltr'>ad</span> <span class='ocrx_word' id='word_1_200' title='bbox 399 2133 567 2170; x_wconf 89' lang='lat' dir='ltr'>pugnam</span> <span class='ocrx_word' id='word_1_201' title='bbox 588 2122 698 2169; x_wconf 88' lang='lat' dir='ltr'>redit,</span> <span class='ocrx_word' id='word_1_202' title='bbox 720 2135 766 2159; x_wconf 85' lang='lat' dir='ltr'>ac</span> <span class='ocrx_word' id='word_1_203' title='bbox 786 2123 863 2160; x_wconf 91' lang='lat' dir='ltr'>vim</span> <span class='ocrx_word' id='word_1_204' title='bbox 887 2124 1042 2162; x_wconf 85' lang='lat' dir='ltr'>suscitat</span> <span class='ocrx_word' id='word_1_205' title='bbox 1063 2125 1127 2163; x_wconf 88' lang='lat' dir='ltr'>ira.</span> 
     </span>
     <span class='ocr_line' id='line_1_32' title="bbox 185 2185 1130 2237; baseline 0.005 -15"><span class='ocrx_word' id='word_1_206' title='bbox 185 2187 287 2223; x_wconf 90' lang='lat' dir='ltr'>Tum</span> <span class='ocrx_word' id='word_1_207' title='bbox 308 2185 435 2234; x_wconf 90' lang='lat' dir='ltr'>pudor</span> <span class='ocrx_word' id='word_1_208' title='bbox 456 2186 630 2223; x_wconf 87' lang='lat' dir='ltr'>incendit</span> <span class='ocrx_word' id='word_1_209' title='bbox 651 2188 746 2224; x_wconf 91' lang='lat' dir='ltr'>vires</span> <span class='ocrx_word' id='word_1_210' title='bbox 768 2194 805 2225; x_wconf 90' lang='lat' dir='ltr'>et</span> <span class='ocrx_word' id='word_1_211' title='bbox 826 2189 984 2226; x_wconf 87' lang='lat' dir='ltr'>conscia</span> <span class='ocrx_word' id='word_1_212' title='bbox 1002 2190 1130 2237; x_wconf 84' lang='lat' dir='ltr'>virtus,</span> 
     </span>
    </p>
   </div>
   <div class='ocr_carea' id='block_1_5' title="bbox 186 2251 1234 2367">
    <p class='ocr_par' dir='ltr' id='par_1_5' title="bbox 186 2251 1234 2367">
     <span class='ocr_line' id='line_1_33' title="bbox 186 2251 1230 2303; baseline 0.006 -16"><span class='ocrx_word' id='word_1_213' title='bbox 186 2251 517 2300; x_wconf 89' lang='lat' dir='ltr'>praecipitemque</span> <span class='ocrx_word' id='word_1_214' title='bbox 540 2253 670 2289; x_wconf 91' lang='lat' dir='ltr'>Daren</span> <span class='ocrx_word' id='word_1_215' title='bbox 691 2252 829 2290; x_wconf 88' lang='lat' dir='ltr'>ardens</span> <span class='ocrx_word' id='word_1_216' title='bbox 850 2254 926 2302; x_wconf 87' lang='lat' dir='ltr'>agit</span> <span class='ocrx_word' id='word_1_217' title='bbox 947 2267 1114 2303; x_wconf 85' lang='lat' dir='ltr'>aequore</span> <span class='ocrx_word' id='word_1_218' title='bbox 1135 2261 1230 2302; x_wconf 88' lang='lat' dir='ltr'>toto,</span> 
     </span>
     <span class='ocr_line' id='line_1_34' title="bbox 187 2315 1234 2367; baseline 0.006 -16"><span class='ocrx_word' id='word_1_219' title='bbox 187 2328 290 2352; x_wconf 90' lang='lat' dir='ltr'>nunc</span> <span class='ocrx_word' id='word_1_220' title='bbox 311 2315 444 2352; x_wconf 89' lang='lat' dir='ltr'>dextra</span> <span class='ocrx_word' id='word_1_221' title='bbox 464 2317 704 2364; x_wconf 87' lang='lat' dir='ltr'>ingeminans</span> <span class='ocrx_word' id='word_1_222' title='bbox 726 2317 834 2363; x_wconf 87' lang='lat' dir='ltr'>ictus,</span> <span class='ocrx_word' id='word_1_223' title='bbox 856 2331 959 2355; x_wconf 88' lang='lat' dir='ltr'>nunc</span> <span class='ocrx_word' id='word_1_224' title='bbox 980 2319 1039 2356; x_wconf 90' lang='lat' dir='ltr'>ille</span> <span class='ocrx_word' id='word_1_225' title='bbox 1061 2320 1210 2357; x_wconf 89' lang='lat' dir='ltr'>sinistra</span> <span class='ocrx_word' id='word_1_226' title='bbox 1225 2334 1234 2367; x_wconf 65' lang='grc' dir='ltr'>ς</span> 
     </span>
    </p>
   </div>
   <div class='ocr_carea' id='block_1_6' title="bbox 187 2381 1330 2493">
    <p class='ocr_par' dir='ltr' id='par_1_6' title="bbox 187 2381 1330 2493">
     <span class='ocr_line' id='line_1_35' title="bbox 187 2381 1330 2432; baseline 0.005 -16"><span class='ocrx_word' id='word_1_227' title='bbox 187 2391 262 2416; x_wconf 90' lang='lat' dir='ltr'>nec</span> <span class='ocrx_word' id='word_1_228' title='bbox 281 2393 400 2425; x_wconf 87' lang='lat' dir='ltr'>mora,</span> <span class='ocrx_word' id='word_1_229' title='bbox 425 2392 498 2417; x_wconf 91' lang='lat' dir='ltr'>nec</span> <span class='ocrx_word' id='word_1_230' title='bbox 519 2381 670 2428; x_wconf 90' lang='lat' dir='ltr'>requies</span> <span class='ocrx_word' id='word_1_231' title='bbox 689 2396 696 2418; x_wconf 91' lang='lat'><strong>:</strong></span> <span class='ocrx_word' id='word_1_232' title='bbox 727 2394 843 2430; x_wconf 89' lang='lat' dir='ltr'>quam</span> <span class='ocrx_word' id='word_1_233' title='bbox 865 2384 984 2420; x_wconf 89' lang='lat' dir='ltr'>multa</span> <span class='ocrx_word' id='word_1_234' title='bbox 1003 2385 1189 2432; x_wconf 89' lang='lat' dir='ltr'>grandine</span> <span class='ocrx_word' id='word_1_235' title='bbox 1210 2386 1330 2422; x_wconf 90' lang='lat' dir='ltr'>nimbi</span> 
     </span>
     <span class='ocr_line' id='line_1_36' title="bbox 189 2443 1159 2493; baseline 0.007 -13"><span class='ocrx_word' id='word_1_236' title='bbox 189 2443 417 2481; x_wconf 86' lang='lat' dir='ltr'>culminibus</span> <span class='ocrx_word' id='word_1_237' title='bbox 439 2446 638 2493; x_wconf 85' lang='lat' dir='ltr'>crepitant,</span> <span class='ocrx_word' id='word_1_238' title='bbox 660 2446 715 2483; x_wconf 85' lang='lat' dir='ltr'>sie</span> <span class='ocrx_word' id='word_1_239' title='bbox 736 2446 864 2484; x_wconf 88' lang='lat' dir='ltr'>densis</span> <span class='ocrx_word' id='word_1_240' title='bbox 889 2448 1025 2486; x_wconf 87' lang='lat' dir='ltr'>ictibus</span> <span class='ocrx_word' id='word_1_241' title='bbox 1048 2449 1159 2487; x_wconf 87' lang='lat' dir='ltr'>heros</span> 
     </span>
    </p>
   </div>
   <div class='ocr_carea' id='block_1_7' title="bbox 1520 119 1594 160">
    <p class='ocr_par' dir='ltr' id='par_1_7' title="bbox 1520 119 1594 160">
     <span class='ocr_line' id='line_1_37' title="bbox 1520 119 1594 160; baseline 0 -11"><span class='ocrx_word' id='word_1_242' title='bbox 1520 119 1594 160; x_wconf 91' lang='lat'>141</span> 
     </span>
    </p>
   </div>
   <div class='ocr_carea' id='block_1_8' title="bbox 1542 238 1598 268">
    <p class='ocr_par' dir='ltr' id='par_1_8' title="bbox 1542 238 1598 268">
     <span class='ocr_line' id='line_1_38' title="bbox 1542 238 1598 268; baseline 0.018 -1"><span class='ocrx_word' id='word_1_243' title='bbox 1542 238 1598 268; x_wconf 83' lang='lat'>425</span> 
     </span>
    </p>
   </div>
   <div class='ocr_carea' id='block_1_9' title="bbox 1540 564 1598 593">
    <p class='ocr_par' dir='ltr' id='par_1_9' title="bbox 1540 564 1598 593">
     <span class='ocr_line' id='line_1_39' title="bbox 1540 564 1598 593; baseline 0.017 -1"><span class='ocrx_word' id='word_1_244' title='bbox 1540 564 1598 593; x_wconf 85' lang='lat'>430</span> 
     </span>
    </p>
   </div>
   <div class='ocr_carea' id='block_1_10' title="bbox 1537 889 1592 918">
    <p class='ocr_par' dir='ltr' id='par_1_10' title="bbox 1537 889 1592 918">
     <span class='ocr_line' id='line_1_40' title="bbox 1537 889 1592 918; baseline 0 -1"><span class='ocrx_word' id='word_1_245' title='bbox 1537 889 1592 918; x_wconf 85' lang='lat'>435</span> 
     </span>
    </p>
   </div>
   <div class='ocr_carea' id='block_1_11' title="bbox 1537 1219 1594 1247">
    <p class='ocr_par' dir='ltr' id='par_1_11' title="bbox 1537 1219 1594 1247">
     <span class='ocr_line' id='line_1_41' title="bbox 1537 1219 1594 1247; baseline -0.018 0"><span class='ocrx_word' id='word_1_246' title='bbox 1537 1219 1594 1247; x_wconf 85' lang='lat'>440</span> 
     </span>
    </p>
   </div>
   <div class='ocr_carea' id='block_1_12' title="bbox 1536 1546 1593 1575">
    <p class='ocr_par' dir='ltr' id='par_1_12' title="bbox 1536 1546 1593 1575">
     <span class='ocr_line' id='line_1_42' title="bbox 1536 1546 1593 1575; baseline 0.018 -1"><span class='ocrx_word' id='word_1_247' title='bbox 1536 1546 1593 1575; x_wconf 88' lang='lat'>445</span> 
     </span>
    </p>
   </div>
   <div class='ocr_carea' id='block_1_13' title="bbox 1537 1871 1594 1900">
    <p class='ocr_par' dir='ltr' id='par_1_13' title="bbox 1537 1871 1594 1900">
     <span class='ocr_line' id='line_1_43' title="bbox 1537 1871 1594 1900; baseline 0 0"><span class='ocrx_word' id='word_1_248' title='bbox 1537 1871 1594 1900; x_wconf 82' lang='lat'>450</span> 
     </span>
    </p>
   </div>
   <div class='ocr_carea' id='block_1_14' title="bbox 1539 2196 1594 2225">
    <p class='ocr_par' dir='ltr' id='par_1_14' title="bbox 1539 2196 1594 2225">
     <span class='ocr_line' id='line_1_44' title="bbox 1539 2196 1594 2225; baseline 0 0"><span class='ocrx_word' id='word_1_249' title='bbox 1539 2196 1594 2225; x_wconf 88' lang='lat'>455</span> 
     </span>
    </p>
   </div>
  </div>
 </body>
</html>
