1690 2734
182 161 234 200 82
586 175 629 203 ΙΙ.
668 163 755 203 lee
785 165 891 205 Fall
917 168 971 219 of
1000 167 1118 220 Troy.

180 283 399 331 congeritur
414 297 424 330 3
454 286 563 332 pueri
585 292 622 322 et
642 287 804 334 pavidae
825 288 942 336 longo
963 290 1098 327 ordine
1120 299 1258 329 matres

179 353 279 384 stant
300 348 458 385 circum.

232 414 356 450 Ausus
377 414 469 461 quin
490 414 605 451 etiam
626 429 742 453 voces
764 417 904 454 iactare
924 431 993 467 per
1012 421 1187 459 umbram

176 477 331 526 implevi
353 478 521 515 clamore
542 480 631 526 vias,
654 488 899 530 maestusque
922 484 1108 523 Creusam

176 543 413 590 nequiquam
434 544 676 592 ingeminans
698 547 911 596 iterumque
934 549 1150 599 iterumque
1171 554 1317 590 vocavi.

178 607 388 654 Quaerenti
410 615 446 645 et
468 609 578 646 tectis
599 611 701 647 urbis
723 612 806 649 sine
827 613 903 649 fine
924 614 1063 651 furenti

176 672 306 708 infelix
327 673 572 710 simulacrum
595 682 708 723 atque
732 677 848 724 ipsius
869 679 1005 715 umbra
1026 680 1195 718 Creusae

174 737 254 773 visa
275 737 367 774 mihi
389 746 477 775 ante
499 740 632 776 oculos
654 747 692 776 et
712 749 804 777 nota
824 743 946 779 maior
966 745 1106 793 imago.

175 802 367 850 Obstipui,
390 810 652 853 steteruntque
675 819 812 843 comae
835 815 872 843 et
892 820 966 844 vox
987 809 1158 847 faucibus
1181 811 1314 849 haesit.

179 866 301 917 [Tum
323 869 377 904 sic
398 868 518 905 adfari
539 877 577 906 et
604 883 711 907 curas
734 871 790 908 his
811 872 969 909 demere
991 873 1104 911 dictis
1123 874 1153 925 :]

174 935 182 951 ‘
198 933 303 980 Quid
324 940 470 969 tantum
493 935 628 971 insano
648 935 752 973 iuvat
772 937 969 985 indulgere
991 938 1126 985 dolori,

173 998 209 1035 O
231 997 353 1034 dulcis
375 999 572 1036 coniunx?
630 1001 721 1037 Non
743 1001 838 1038 haec
860 1003 941 1039 sine
962 1005 1120 1040 numine
1142 1005 1274 1042 divom

172 1063 354 1100 eveniunt
371 1077 379 1108 3
410 1076 484 1101 nec
506 1072 541 1101 te
565 1065 653 1101 hinc
676 1067 858 1103 comitem
880 1076 1073 1116 asportare
1097 1070 1284 1108 Creusam

170 1129 237 1174 fas,
260 1135 324 1165 aut
345 1129 404 1165 ille
426 1129 514 1166 sinit
534 1132 661 1178 superi
681 1139 859 1179 regnator
880 1133 1048 1182 Olympi.

172 1195 306 1242 Longa
327 1195 393 1231 tibi
415 1196 556 1241 exsilia,
579 1203 616 1232 et
636 1204 784 1233 vastum
806 1199 918 1235 maris
939 1211 1085 1247 aequor
1105 1200 1306 1246 arandum,

171 1266 208 1295 et
230 1266 367 1295 terram
393 1261 625 1308 Hesperiam
647 1263 789 1307 venies,
814 1263 876 1299 ubi
900 1263 1042 1311 Lydius
1064 1277 1155 1301 arva

170 1326 267 1361 inter
287 1326 417 1373 opima
437 1326 557 1362 virum
579 1326 653 1362 leni
675 1327 754 1363 fluit
775 1328 926 1375 agmine
947 1329 1110 1377 Thybris
1128 1344 1135 1367 :

169 1391 244 1427 illic
265 1403 325 1427 res
346 1391 468 1428 laetae
490 1404 728 1439 regnumque
750 1399 787 1428 et
807 1393 911 1440 regia
932 1394 1101 1430 coniunx

167 1464 275 1505 parta
295 1456 374 1493 tibi.
435 1457 629 1493 Lacrimas
651 1456 815 1494 dilectae
837 1458 935 1506 pelle
959 1459 1141 1496 Creusae.

169 1522 260 1558 Non
282 1534 355 1570 ego
378 1521 670 1570 Myrmidonum
691 1521 802 1559 sedes
826 1523 1070 1571 Dolopumve
1091 1525 1277 1573 superbas

156 1588 365 1639 aspiciam,
390 1594 453 1623 aut
476 1587 599 1624 Graiis
621 1588 800 1623 servitum
822 1589 1003 1625 matribus
1026 1589 1102 1635 ibo,

168 1652 371 1697 Dardanis,
395 1660 431 1688 et
453 1652 563 1689 divae
585 1653 745 1689 Veneris
767 1665 894 1690 nurus.

167 1718 242 1756 Sed
264 1730 325 1754 me
347 1730 487 1766 magna
508 1717 625 1753 deum
646 1718 818 1765 genetrix
840 1718 896 1755 his
919 1718 1066 1755 detinet
1086 1720 1160 1756 oris
1178 1735 1184 1756 2

165 1784 318 1832 iamque
339 1784 434 1827 vale,
458 1790 494 1819 et
515 1783 593 1819 nati
615 1795 722 1819 serva
742 1784 959 1820 communis
981 1786 1179 1821 amorem.‘

166 1850 280 1885 Haec
301 1849 364 1885 ubi
386 1848 490 1885 dicta
510 1847 631 1893 dedit,
654 1848 919 1884 lacrimantem
941 1856 977 1885 et
998 1850 1119 1886 multa
1139 1850 1333 1886 volentem

165 1913 294 1950 dicere
317 1914 494 1958 deseruit,
517 1914 720 1961 tenuisque
741 1914 898 1949 recessit
918 1915 956 1950 in
977 1927 1099 1950 auras.

163 1979 240 2015 Ter
261 1986 421 2015 conatus
443 1979 493 2015 ibi
515 1979 613 2015 collo
635 1978 725 2015 dare
747 1979 928 2015 bracchia
949 1979 1093 2015 circum
1112 1994 1118 2016 :

163 2050 220 2080 ter
240 2044 374 2080 frustra
395 2056 626 2092 comprensa
647 2056 781 2080 manus
804 2043 934 2091 effugit
954 2045 1094 2092 imago,

162 2120 230 2157 par
250 2109 394 2145 levibus
415 2109 536 2145 ventis
557 2109 779 2156 volucrique
801 2109 991 2145 simillima
1011 2121 1161 2146 somno.

218 2174 278 2210 Sic
300 2173 458 2210 demum
480 2174 606 2210 socios
628 2181 859 2222 consumpta
880 2181 996 2210 nocte
1017 2175 1152 2211 reviso.

162 2240 287 2286 Atque
310 2238 370 2274 hic
393 2239 589 2287 ingentem
612 2239 797 2275 comitum
819 2239 1022 2276 adfluxisse
1043 2252 1232 2276 novorum

162 2303 316 2339 invenio
339 2302 530 2339 admirans
550 2315 768 2348 numerum,
790 2311 1007 2352 matresque
1029 2305 1221 2352 virosque,

163 2368 365 2404 collectam
386 2368 518 2404 exsilio
540 2368 695 2415 pubem,
720 2369 934 2406 miserabile
954 2370 1099 2418 volgus.

163 2432 347 2480 Undique
369 2444 599 2478 convenere,
622 2433 757 2470 animis
779 2434 994 2482 opibusque
1015 2434 1147 2482 parati,

711 2518 754 2538 775
772 2519 919 2556 Rejected
935 2520 975 2556 by
988 2519 1023 2548 R.

1418 178 1578 220 [AENEm.

1522 563 1579 590 770

1519 886 1574 915 775

1516 1203 1573 1237 780

1513 1527 1569 1561 785

1510 1858 1566 1884 790

1507 2180 1561 2209 795
1571 2207 1574 2211 ,
