1690 2734
145 179 225 220 170
556 178 611 208 VI.
656 167 742 206 Tlce
773 167 933 206 Lower
964 166 1115 207 World.
1370 170 1533 213 [AENEm.

139 293 304 338 auribus,
328 298 365 328 et
384 297 538 328 truncas
559 291 766 327 inhonesto
787 290 942 326 volnere
964 302 1086 326 nares.

138 358 213 393 Vix
233 357 333 393 adeo
354 356 539 404 adgnovit
559 355 794 404 pavitantem
815 361 853 391 et
873 354 954 391 dira
974 360 1169 403 tegentem

139 422 339 470 supplicia,
362 428 399 457 et
420 421 520 457 notis
541 420 749 469 compellat
770 419 929 456 vocibus
950 419 1072 456 ultro:

141 489 150 505 ‘
166 486 373 534 Deiphobe
395 486 643 533 armipotens,
664 496 784 533 genus
805 484 882 538 alto
903 496 925 520 a
945 484 1131 531 sanguine
1153 483 1306 528 Teucri,

140 552 224 599 quis
246 558 322 587 tam
346 550 521 587 crudeles
543 550 690 598 optavit
710 561 862 586 sumere
885 549 1059 597 poenas?

141 617 214 654 Cui
234 622 383 653 tantum
404 615 453 652 de
475 622 511 652 te
532 615 665 651 licuit?
724 614 822 651 Mihi
843 614 944 650 fama
963 626 1143 662 suprema

140 688 255 718 nocte
277 681 361 717 tulit
381 681 524 717 sessum
545 687 651 716 vasta
671 686 707 716 te
730 678 852 716 caede
875 679 1077 726 Pelasgum

140 746 391 795 procubuisse
414 758 528 793 super
548 745 733 781 confusae
754 744 886 792 stragis
907 755 1101 780 acervum.

139 812 173 848 T
177 824 252 848 unc
273 817 429 859 egomet
448 810 638 847 tumulum
661 809 841 846 Rhoeteo
864 809 972 845 litore
993 809 1148 846 inanem

142 876 333 921 constitui,
356 882 394 912 et
414 887 555 924 magna
576 876 714 911 Manes
736 881 792 911 ter
812 885 907 910 voce
929 874 1075 911 vocavi.

143 942 299 978 Nomen
321 947 359 978 et
379 953 484 977 arma
503 940 634 977 locum
655 945 806 976 servant
824 952 831 984 ;
863 945 912 982 te,
935 940 1073 985 amice,
1096 939 1250 987 nequivi

143 1007 383 1054 conspicere,
406 1012 444 1042 et
464 1005 586 1053 patria
606 1004 804 1041 decedens
826 1016 971 1052 ponere
995 1006 1117 1041 terra.’
1176 993 1179 996 Δ

195 1071 256 1108 Ad
278 1083 376 1119 quae
402 1069 609 1107 Priamides
627 1084 634 1106 :
667 1072 675 1087 ⁴
692 1069 797 1105 Nihil
819 1069 854 1106 O
877 1069 943 1105 tibi
964 1069 1089 1105 amice
1110 1069 1311 1115 relictum3

142 1137 273 1174 onmia
295 1135 504 1184 Deiphobo
525 1134 668 1171 solvisti
690 1140 728 1171 et
750 1134 889 1170 funeris
913 1134 1068 1171 umbris.

143 1201 219 1239 Sed
241 1214 302 1238 me
323 1201 399 1238 sata
420 1212 507 1237 mea
527 1206 565 1236 et
586 1200 710 1236 scelus
734 1199 884 1236 exitiale
909 1200 1109 1236 Lacaenae

143 1267 200 1303 his
222 1278 387 1303 mersere
410 1266 517 1302 malis
535 1279 544 1311 3
575 1265 636 1301 illa
656 1265 752 1301 haec
775 1271 1028 1301 monumenta
1049 1264 1209 1312 reliquit.

146 1333 325 1380 Namque
347 1338 388 1368 ut
409 1342 628 1378 supremam
650 1330 740 1366 falsa
764 1330 861 1366 inter
884 1329 1024 1377 gaudia
1045 1336 1201 1366 noctem

145 1398 346 1445 egerimus,
370 1396 468 1432 nosti
487 1409 494 1441 ;
526 1401 563 1431 et
584 1395 745 1431 nimium
767 1394 985 1431 meminisse
1009 1406 1168 1430 necesse
1191 1400 1260 1431 est.

146 1462 244 1499 Cum
268 1461 388 1498 fatalis
409 1472 531 1508 equus
553 1460 647 1496 saltu
670 1471 785 1508 super
805 1458 925 1496 ardua
947 1459 1052 1496 venit

147 1529 343 1575 Pergama,
366 1533 403 1563 et
424 1533 614 1563 armatum
635 1524 808 1573 peditem
830 1524 952 1572 gravis
974 1524 1097 1561 attulit
1118 1523 1215 1569 alvo,

146 1593 219 1638 illa,
241 1592 401 1629 chorum
424 1591 616 1635 simulans,
640 1596 796 1626 evantes
818 1589 924 1638 orgia
944 1589 1089 1625 circum

148 1658 315 1695 ducebat
340 1657 518 1705 Phrygias
534 1669 543 1701 3
575 1655 770 1691 flammam
793 1654 921 1691 media
942 1654 1025 1702 ipsa
1044 1654 1202 1690 tenebat

147 1724 355 1772 ingentem,
379 1729 415 1758 et
437 1733 587 1758 summa
608 1721 765 1757 Danaos
787 1731 834 1755 ex
854 1731 941 1756 arce
963 1719 1138 1755 vocabat.

147 1790 248 1826 Tum
271 1801 344 1833 me,
367 1788 589 1824 confectum
610 1787 710 1824 curis
731 1796 947 1832 somnoque
967 1790 1176 1832 gravatum,

149 1854 276 1891 infelix
299 1853 430 1890 habuit
450 1853 651 1896 thalamus,
676 1851 889 1900 pressitque
914 1850 1104 1886 iacentem

149 1919 271 1955 dulcis
293 1925 330 1954 et
351 1919 426 1954 alta
446 1918 555 1966 quies
576 1916 830 1965 placidaeque
854 1914 1043 1952 simillima
1067 1914 1192 1952 morti.

151 1984 315 2033 Egregia
336 1984 480 2020 interea
500 1983 670 2019 coniunx
690 1994 796 2018 arma
816 1981 948 2017 omnia
969 1980 1079 2015 tectis

150 2056 314 2093 amovet,
338 2056 375 2085 et
396 2048 515 2085 fidum
538 2049 652 2096 capiti
675 2048 908 2085 subduxerat
932 2058 1065 2083 ensem
1083 2059 1092 2090 3

151 2115 246 2151 intra
268 2121 370 2150 tecta
389 2120 501 2150 vocat
524 2113 760 2157 Menelaum,
783 2119 820 2150 et
841 2112 972 2149 limina
993 2110 1140 2160 pandit,

151 2179 297 2216 scilicet
318 2178 356 2215 id
380 2191 563 2227 magnum
584 2190 740 2226 sperans
763 2177 842 2214 fore
864 2189 1003 2214 munus
1026 2175 1181 2219 amanti,

152 2252 189 2281 et
210 2244 351 2280 famam
373 2244 561 2291 exstingui
583 2250 754 2279 veterum
775 2242 829 2279 sic
851 2254 963 2289 posse
986 2241 1184 2277 malorum.

153 2308 258 2357 Quid
280 2309 434 2345 moror?
491 2309 722 2355 Inrumpunt
744 2307 912 2342 thalamo
930 2320 937 2351 ;
970 2317 1102 2343 comes
1124 2304 1277 2341 additur
1297 2316 1375 2340 una

153 2374 322 2410 hortator
343 2373 529 2409 scelerum
552 2372 746 2408 Aeolides.
808 2372 869 2414 Di,
891 2371 979 2408 talia
1000 2371 1109 2406 Grais

153 2439 371 2481 instaurate,
393 2437 457 2485 pio
478 2437 507 2473 si
528 2449 674 2484 poenas
696 2448 760 2472 ore
782 2448 947 2483 reposco
968 2437 974 2471 1

307 2523 348 2543 620
364 2524 444 2557 lu'nc,
459 2523 586 2550 choreis.
610 2522 645 2550 R.
771 2521 815 2541 5⁴24
830 2524 952 2549 enmvet.
976 2521 1017 2549 H.
1149 2519 1192 2540 528
1209 2520 1341 2548 additus.
1365 2520 1401 2548 R.

1483 489 1541 519 500

1484 813 1543 843 505

1490 1138 1547 1168 510

1494 1462 1547 1492 515

1497 1787 1551 1819 520

1501 2114 1552 2144 525

1504 2436 1557 2466 530
