1690 2734
182 204 260 235 Eci„
284 204 364 246 VL]
791 196 979 237 Silenus.

180 321 336 358 ‘solvite
357 332 432 365 me,
454 319 562 368 pueri
579 333 588 365 ;
620 318 708 355 satis
730 325 787 355 est
807 319 977 367 potuisse
999 319 1117 356 videri
1135 334 1141 356 :

179 385 360 431 carmina,
382 396 482 433 quae
502 383 624 429 voltis,
648 384 871 432 cognoscite
888 398 897 430 3
930 384 1100 420 carmina
1119 385 1240 430 vobis,

180 450 269 487 huic
289 449 393 486 aliud
413 448 603 486 mercedis
625 448 694 485 erit
711 462 717 484 :
737 449 743 463 ⁷
774 448 886 484 simul
908 448 1041 496 incipit
1062 449 1155 497 ipse.

178 516 280 552 Tum
299 526 389 551 vero
411 514 448 551 in
469 525 672 550 numerum
696 513 928 560 Faunosque
950 513 1124 561 ferasque
1145 512 1296 550 videres

178 579 323 625 ludere,
346 586 426 616 tum
448 578 586 627 rigidas
608 584 753 614 motare
775 578 980 614 cacumina
1001 590 1165 626 quercus
1181 591 1191 624 3

179 658 253 682 nec
273 651 422 681 tantum
445 643 603 680 Phoebo
625 642 768 691 gaudet
790 643 967 679 Parnasia
987 655 1112 691 rupes,

178 722 251 747 nec
273 716 420 746 tantum
443 708 638 756 Rhodope
660 708 816 744 miratur
835 714 873 744 et
895 708 1061 744 Ismarus
1083 707 1251 756 Orphea.

234 775 413 823 Namque
435 774 610 818 canebat,
632 773 686 809 uti
707 785 890 821 magnum
912 785 981 821 per
1001 773 1115 809 inane
1138 780 1276 810 coacta

178 840 326 877 semina
346 846 608 886 terrarumque
629 838 859 886 animaeque
880 838 1071 886 marisque
1093 838 1263 877 fuissent.

179 912 216 941 et
237 904 371 953 liquidi
392 904 503 940 simul
525 904 645 952 ignis,
676 910 717 940 ut
738 903 794 940 his
816 903 974 940 exordia
994 904 1124 952 primis

178 970 310 1007 omnia
331 976 368 1006 et
388 970 470 1017 ipse
491 975 600 1005 tener
620 968 755 1005 mundi
776 969 1015 1005 concreverit
1036 968 1135 1005 orbis
1153 983 1162 1014 3

179 1041 260 1072 tum
281 1034 417 1071 durare
438 1034 562 1071 solum
584 1041 621 1070 et
642 1033 859 1070 discludere
882 1034 1010 1070 Nerea
1031 1040 1152 1082 ponto

178 1099 362 1148 coeperit,
385 1106 422 1136 et
442 1112 568 1136 rerum
590 1099 772 1147 paulatim
794 1111 945 1135 sumere
967 1101 1107 1135 formas
1124 1112 1133 1145 ;

179 1165 332 1213 iamque
353 1176 498 1201 novum
517 1171 639 1200 terrae
661 1170 839 1212 stupeant
860 1164 1056 1200 lucescere
1078 1164 1211 1210 solem,

181 1230 288 1266 altius
309 1236 424 1277 atque
446 1229 588 1265 cadant
608 1229 795 1265 submotis
816 1229 979 1266 nubibus
1001 1229 1142 1266 imbres
1159 1243 1168 1275 3

180 1294 367 1342 incipiant
387 1294 500 1330 silvae
522 1306 611 1330 cum
631 1294 979 1342 primum‘surgere,
1003 1306 1168 1342 cumque

181 1372 263 1396 rara
281 1371 350 1407 per
370 1359 521 1407 ignaros
543 1365 667 1395 errent
688 1359 865 1395 animalia
885 1359 1038 1396 montis.

236 1424 342 1460 Hinc
364 1423 510 1471 lapides
533 1423 696 1472 Pyrrhae
717 1424 849 1469 iactos,
873 1424 1045 1461 Saturnia
1065 1436 1193 1473 regna,

181 1489 465 1536 Caucasiasque
486 1488 599 1525 refert
619 1489 803 1533 volueres,
826 1489 1042 1537 furtumque
1067 1490 1284 1526 Promethei
1302 1504 1309 1527 τ

181 1554 238 1590 his
258 1553 442 1601 adiungit,
468 1553 599 1602 Hylan
620 1561 758 1590 nautae
780 1567 857 1602 quo
880 1555 983 1590 fonte
1005 1555 1179 1590 relictum

181 1619 421 1664 clamassent,
443 1625 484 1654 ut
503 1619 589 1655 litus
609 1619 728 1666 sivla,
751 1619 855 1666 sivla
870 1623 887 1654 J
917 1632 1031 1655 omne
1054 1626 1217 1656 sonaret.

237 1685 287 1720 Et
306 1684 548 1730 fortunatam,
574 1684 605 1720 si
625 1696 834 1732 numquam
855 1692 1028 1720 armenta
1047 1684 1217 1730 fuissent,

184 1747 398 1796 Pasiphaen
418 1748 518 1785 nivei
539 1749 680 1785 solatur
700 1761 829 1785 amore
851 1749 1014 1786 iuvenci.

182 1813 254 1858 Ah,
275 1814 379 1861 virgo
400 1813 541 1859 infelix,
563 1826 661 1862 quae
683 1820 719 1850 te
742 1814 939 1850 dementia
958 1815 1061 1862 cepit
1081 1817 1088 1852 l

183 1877 381 1914 Proetides
402 1878 594 1926 inplerunt
613 1878 713 1915 falsis
735 1879 940 1927 mugitibus
961 1891 1071 1927 agros
1090 1894 1096 1917 :

181 1949 219 1979 at
239 1955 319 1979 non
338 1949 417 1979 tam
437 1943 556 1990 turpis
578 1943 774 1991 pecudum
795 1950 924 1980 tamen
945 1944 1020 1980 ulla
1040 1952 1173 1982 secuta
1193 1952 1250 1982 est

183 2007 422 2052 concubitus,
445 2008 617 2055 quamvis
640 2008 738 2044 collo
761 2008 947 2044 timuisset
968 2015 1144 2055 aratrum,

183 2078 221 2108 et
241 2084 356 2120 saepe
377 2072 415 2108 in
436 2072 507 2108 levi
529 2073 740 2120 quaesisset
761 2085 906 2109 cornua
926 2074 1060 2110 fronte.

182 2137 255 2182 Ah,
276 2137 380 2185 virgo
402 2137 542 2182 infelix,
565 2143 603 2173 tu
625 2150 727 2174 nunc
750 2138 786 2174 in
809 2139 1002 2175 montibus
1024 2151 1147 2176 erras:

183 2201 256 2246 ille,
278 2201 373 2237 latus
394 2202 548 2238 niveum
569 2202 672 2238 molli
694 2203 805 2239 fultus
826 2203 1046 2251 hyacintho,

184 2265 268 2301 ilice
290 2266 359 2302 sub
379 2266 485 2314 nigra
509 2267 685 2314 pallentis
709 2268 873 2304 ruminat
893 2268 1043 2313 herbas,

183 2336 247 2366 aut
267 2330 434 2378 aliquam
454 2330 492 2366 in
513 2344 653 2379 magno
675 2332 846 2380 sequitur
865 2345 991 2380 grege.

748 2396 959 2449 [Claudite‚
980 2398 1187 2446 nymphae,

368 2528 397 2548 37
411 2538 529 2558 novom.
552 2530 588 2559 R.
775 2531 803 2550 47
819 2541 847 2559 a.
871 2532 906 2559 R.
1094 2532 1122 2551 4⁹
1138 2535 1182 2559 est
1195 2532 1334 2560 omitted.
1361 2531 1396 2561 R.

1530 207 1578 249 17

1543 406 1578 435 25

1542 730 1580 758 30

1542 1030 1632 1069 35'

1542 1383 1579 1410 40

1542 1707 1579 1736 45

1545 2033 1582 2061 50

1546 2339 1581 2367 55
