1690 2734
149 184 189 216 V.
207 183 300 227 865.]
484 178 682 230 Neptune
714 176 901 216 Attends
934 176 1004 215 tlte
1039 175 1212 228 Voyage.

150 313 294 339 cornua
314 300 623 349 detorquentque
640 313 650 346 3
681 299 805 336 ferunt
825 311 893 336 sua
914 298 1067 335 flamina
1089 298 1263 334 classem.

151 367 333 414 Princeps
354 373 441 402 ante
462 377 598 401 omnes
620 364 784 401 densum
808 364 1003 400 Palinurus
1024 363 1161 411 agebat

149 444 288 480 agmen
306 445 314 476 3
345 430 394 467 ad
416 431 517 467 hunc
539 429 600 466 alii
622 441 774 466 cursum
797 428 1034 465 contendere
1057 428 1157 464 iussi.

204 498 364 544 Iamque
385 496 462 532 fere
484 494 653 531 mediam
674 494 770 530 caeli
793 494 882 530 Nox
904 491 1063 529 humida
1084 498 1224 528 metam

150 562 360 610 contigerat
378 574 386 607 ;
417 559 571 608 placida
591 559 770 596 laxabant
790 558 963 594 membra
984 557 1111 605 quiete

148 628 219 664 sub
239 627 353 663 remis
374 626 444 662 fusi
466 637 534 673 per
555 624 650 661 dura
669 623 802 660 sedilia
822 630 960 659 nautae
979 637 984 658 :

149 705 237 728 cum
259 692 349 727 levis
370 691 546 727 aetheriis
567 689 748 737 delapsus
770 689 935 726 Somnus
956 687 1004 724 ab
1026 687 1132 723 astris

148 757 236 813 aega
256 756 417 793 dimovit
437 755 685 791 tenebrosum
707 760 744 790 et
765 753 920 801 dispulit
942 752 1108 796 umbras,

148 828 197 868 te,
222 822 406 866 Palinure,
429 828 576 868 petens,
599 820 666 856 tibi
687 819 838 856 somnia
858 818 975 856 tristia
997 824 1154 865 portans

148 887 288 924 insonti
307 901 315 932 3
345 886 543 934 puppique
566 884 661 921 deus
684 883 860 920 consedit
882 884 919 919 in
942 883 1027 927 alta,

151 952 357 989 Phorbanti
379 951 522 995 similis,
544 949 747 997 funditque
772 949 838 985 has
860 960 924 985 ore
948 947 1119 996 loquelas
1137 962 1143 983 :

150 1020 158 1036 ‘
174 1016 301 1053 Iaside
325 1016 510 1060 Palinure,
532 1015 656 1051 ferunt
677 1015 759 1062 ipsa
779 1026 947 1062 aequora
970 1014 1130 1049 classem
1149 1026 1156 1057 ;

149 1088 334 1131 aequatae
356 1081 498 1128 spirant
519 1091 632 1116 aurae
649 1093 659 1125 3
689 1078 801 1116 datur
823 1078 914 1115 hora
935 1078 1065 1126 quieti.

151 1149 255 1184 Pone
278 1155 405 1194 caput,
427 1146 625 1192 fessosque
647 1144 780 1181 oculos
803 1144 924 1192 furare
946 1143 1064 1179 labori
1083 1157 1088 1179 :

151 1213 231 1260 ipse
253 1224 325 1259 ego
347 1211 539 1259 paulisper
558 1222 628 1257 pro
649 1216 685 1246 te
707 1216 773 1246 tua
793 1221 954 1245 munera
975 1209 1104 1245 inibo.’

152 1277 224 1314 Cui
245 1277 305 1312 vix
327 1276 501 1312 attollens
525 1275 719 1311 Palinurus
742 1274 887 1310 lumina
907 1274 1026 1310 fatur:

152 1345 160 1360 ‘
176 1343 293 1378 Mene
315 1341 399 1377 salis
421 1339 562 1388 placidi
582 1340 726 1376 voltum
749 1339 963 1387 fluctusque
987 1339 1137 1387 quietos

152 1408 323 1455 ignorare
345 1405 480 1442 iubes?
536 1405 654 1441 Mene
677 1404 764 1440 huic
787 1404 984 1440 confidere
1008 1404 1207 1441 monstro?

151 1473 310 1508 Aenean
331 1470 487 1506 credam
508 1469 602 1517 quid
624 1469 727 1505 enim
749 1469 945 1506 fallacibus
969 1469 1067 1505 auris

152 1543 189 1572 et
209 1536 329 1581 caelo,
352 1535 491 1571 totiens
513 1534 701 1582 deceptus
725 1533 857 1570 fraude
879 1535 1053 1571 sereni?’

203 1601 311 1638 Talia
331 1600 436 1637 dicta
455 1599 583 1644 dabat,
606 1599 833 1647 clavumque
857 1599 991 1636 affixus
1012 1606 1050 1636 et
1071 1599 1230 1651 haerens

151 1678 341 1714 nusquam
362 1665 571 1710 amittebat,
594 1664 807 1712 oculosque
829 1665 899 1701 sub
922 1671 1020 1701 astra
1040 1653 1206 1701 tenebat.

154 1732 258 1767 Ecce
280 1730 376 1767 deus
396 1742 544 1766 ramum
569 1729 739 1766 Lethaeo
762 1740 846 1765 rore
870 1729 1106 1775 madentem,
1132 1759 1134 1761 .

152 1796 264 1843 vique
285 1802 507 1843 soporatum
530 1794 668 1842 Stygia,
693 1806 807 1842 super
827 1801 987 1842 utraque
1009 1800 1163 1842 quassat

152 1868 338 1917 tempora,
361 1859 634 1910 cunct-antique
658 1859 826 1896 natantia
850 1859 994 1896 lumina
1014 1859 1134 1895 solvit.

154 1926 224 1962 Vix
245 1926 389 1974 primos
410 1924 568 1975 inopina
588 1923 697 1972 quies
722 1924 913 1961 laxaverat
934 1931 1047 1969 artus,

153 1998 190 2027 et
210 2002 323 2039 super
344 1989 571 2051 incumbens
593 2001 681 2026 cum
704 1990 843 2038 puppis
856 1996 970 2038 parte
991 1989 1149 2034 revolsa,

153 2067 319 2103 cumque
341 2054 587 2108 gubernaclo,
608 2054 772 2103 liquidas
795 2055 956 2103 proiecit
977 2054 1015 2090 in
1035 2053 1157 2090 undas

153 2120 402 2168 praecipitem
423 2132 469 2156 ac
489 2120 616 2157 socios
638 2120 872 2168 nequiquam
896 2131 1011 2167 saepe
1032 2125 1236 2155 vocantem
1254 2130 1263 2163 3

154 2187 234 2233 ipse
255 2185 386 2222 volans
409 2191 543 2222 tenues
564 2197 604 2222 se
626 2185 776 2221 sustulit
798 2185 873 2220 alcs
895 2184 945 2220 ad
967 2196 1086 2220 auras.

155 2250 278 2287 Currit
299 2250 368 2287 iter
388 2256 512 2287 tutum
534 2262 613 2287 non
633 2251 758 2286 secius
779 2261 947 2297 aequore
969 2249 1110 2292 classis,

155 2316 427 2364 promissisque
448 2315 564 2364 patris
587 2315 758 2363 Neptuni
782 2314 949 2351 interrita
968 2314 1095 2350 fertur.

210 2382 369 2429 Iamque
391 2380 491 2417 adeo
512 2380 693 2428 scopulos
715 2380 890 2417 Sirenum
911 2378 1074 2415 advecta
1096 2378 1259 2422 subibat,

156 2445 329 2482 difficiles
350 2445 548 2494 quondam
570 2445 855 2492 multorumque
877 2444 1025 2481 ossibus
1046 2443 1164 2487 albos,

365 2531 407 2551 8³⁶
422 2531 581 2559 laxarunt.
606 2531 646 2559 H.
802 2529 843 2549 ⁸51
860 2529 948 2557 caeli.
972 2529 1012 2557 H.
1170 2527 1210 2547 ΗΥ]
1226 2528 1316 2553 sessus
1353 2527 1385 2553 R.

1468 183 1543 226 153

1492 814 1548 849 840

1494 1466 1510 1493 8
1512 1472 1550 1502 50

1497 2116 1552 2143 860

1498 2439 1552 2474 865
