1690 2734
93 194 121 229 1.
141 194 232 239 253.]
479 188 620 230 Venus
651 189 841 242 Appeals
873 195 914 230 to
931 188 1123 243 Jupiter.

94 312 305 362 Praecipue
326 313 411 362 pius
433 314 583 350 Aeneas
604 324 708 349 nunc
729 312 825 349 acris
847 313 996 359 Oronti,

93 390 197 415 nunc
218 378 355 427 Amyci
375 390 508 414 casum
529 378 649 426 gemit
670 384 707 414 et
728 377 900 414 crudelia
920 390 1054 415 secum

93 443 169 480 fata
190 443 295 492 Lyci,
317 443 533 491 fortemque
556 444 679 491 Gyan,
703 443 918 491 fortemque
941 443 1188 482 Cloanthum.

148 509 198 545 Et
218 508 292 544 iam
314 508 398 544 finis
420 514 510 554 erat,
533 520 624 545 cum
646 508 820 556 Iuppiter
839 508 993 545 aethere
1016 522 1168 547 summo

93 572 313 622 despiciens
334 585 437 609 mare
458 573 663 609 velivolum
685 579 880 622 terrasque
901 573 1061 611 iacentis

92 639 278 687 litoraque
300 645 337 675 et
357 638 452 675 latos
473 638 652 687 populos,
674 638 728 675 sic
748 638 889 675 vertice
909 639 1007 676 caeli

93 704 275 750 constitit,
297 710 335 740 et
357 704 500 753 Libyae
522 703 654 740 defixit
674 704 819 740 lumina
838 704 976 752 regnis.

93 771 218 818 Atque
240 769 344 806 illurn
365 769 447 806 talis
468 769 674 806 iactantem
696 776 854 817 pectore
877 782 986 806 curas

93 835 232 872 tristior
252 842 290 871 et
309 834 474 871 lacrimis
496 834 628 871 oculos
649 833 790 871 suffusa
810 835 964 871 nitentis

93 899 312 948 adloquitur
332 901 464 937 Venus
483 914 489 937 :
523 903 530 918 ‘
549 900 584 937 O
605 900 671 948 qui
690 912 750 936 res
770 899 1050 948 hominumque
1072 899 1267 950 deumque

94 966 257 1002 aeternis
278 966 376 1014 regis
397 966 577 1014 imperiis,
601 971 638 1002 et
659 965 816 1001 fulmine
839 971 967 1011 terres,

94 1031 188 1080 quid
209 1044 317 1068 meus
338 1033 489 1068 Aeneas
510 1031 549 1067 in
569 1038 606 1068 te
629 1031 869 1067 committere
890 1037 1050 1076 tantum,

95 1096 190 1146 quid
209 1098 330 1135 Troes
352 1104 525 1146 potuere,
548 1096 697 1145 quibus,
721 1102 778 1132 tot
798 1096 930 1132 funera
951 1096 1083 1144 passis,

95 1170 256 1200 cunctus
278 1164 330 1200 ob
352 1162 500 1199 Italiam
516 1168 700 1199 terrarum
721 1160 910 1197 clauditur
930 1161 1059 1198 orbis?

96 1229 210 1266 Certe
232 1229 321 1265 hinc
344 1229 543 1265 Romanos
564 1227 667 1272 olim,
688 1226 929 1263 volventibus
950 1227 1070 1272 annis,

95 1294 186 1332 hinc
207 1294 286 1331 fore
308 1293 501 1339 ductores,
523 1298 703 1329 revocato
724 1303 746 1327 a
766 1291 950 1339 sanguine
971 1291 1125 1337 Teucri,

95 1360 161 1409 qui
181 1372 297 1406 mare,
319 1359 385 1407 qui
405 1365 520 1395 terras
542 1357 649 1394 omni
669 1356 825 1394 dicione
847 1362 1033 1402 tenerent,

95 1425 298 1473 pollicitus,
321 1436 419 1472 quae
440 1430 490 1469 te,
512 1423 672 1471 genitor,
695 1422 885 1459 sententia
904 1421 1042 1458 vertit?

96 1491 188 1527 Hoc
209 1489 391 1539 equidem
413 1501 595 1526 occasum
616 1488 755 1524 Troiae
776 1487 967 1535 tristisque
988 1487 1115 1524 ruinas

96 1555 256 1601 solabar,
279 1555 362 1592 fatis
384 1554 576 1591 contraria
599 1553 675 1590 fata
694 1551 914 1601 rependens
932 1566 942 1598 3

94 1633 197 1658 nunc
219 1620 357 1657 eadem
378 1620 529 1656 fortuna
548 1619 647 1655 viros
669 1624 725 1655 tot
745 1618 895 1655 casibus
917 1624 1024 1654 actos

95 1686 318 1734 insequitur.
377 1686 506 1733 Quem
527 1684 595 1721 das
617 1684 746 1729 finem,
768 1696 835 1720 rex
854 1695 1006 1731 magne,
1028 1683 1229 1720 laborum?

96 1754 268 1789 Antenor
288 1752 423 1800 potuit,
445 1750 582 1787 mediis
604 1750 754 1798 elapsus
775 1749 940 1794 Achivis,

98 1817 268 1865 Illyricos
291 1823 490 1865 penetrare
512 1816 628 1861 sinus,
651 1821 766 1863 atque
789 1815 921 1851 intima
941 1821 1043 1851 tutus

96 1894 214 1930 regna
235 1882 502 1926 Liburnorum,
525 1887 562 1917 et
582 1881 729 1917 fontem
751 1891 929 1927 superare
950 1879 1112 1925 Timavi,

95 1947 199 1984 unde
221 1959 289 1995 per
309 1959 375 1983 ora
395 1958 534 1983 novem
555 1951 662 1982 vasto
683 1957 771 1981 cum
793 1956 986 1980 murmure
1008 1945 1148 1980 montis

97 2013 125 2049 it
145 2024 248 2049 mare
270 2019 497 2061 proruptum
518 2018 555 2047 et
576 2011 713 2059 pelago
734 2009 871 2058 premit
893 2021 981 2045 arva
1001 2010 1165 2046 sonanti.

98 2078 178 2114 Hic
197 2084 327 2114 tamen
348 2077 407 2114 ille
429 2077 563 2114 urbem
585 2075 713 2112 Patavi
734 2074 924 2123 sedesque
946 2074 1087 2111 locavit

95 2143 346 2187 Teucrorum,
370 2148 407 2178 et
427 2142 531 2189 genti
552 2153 696 2178 nomen
717 2139 837 2185 dedit,
860 2151 1041 2187 armaque
1063 2139 1143 2175 fixit

95 2208 211 2243 Troia
228 2221 236 2252 3
266 2219 370 2243 nunc
393 2206 547 2255 placida
567 2211 792 2254 compostus
813 2217 910 2253 pace
932 2204 1118 2252 quiescit:

96 2283 178 2315 nos,
199 2278 264 2308 tua
284 2272 500 2320 progenies,
522 2271 617 2307 caeli
639 2270 776 2319 quibus
799 2269 936 2306 adnuis
957 2282 1099 2314 arcem,

96 2337 254 2373 navibus
282 2336 501 2385 (infandum
522 2336 549 2383 1)
576 2335 735 2380 amissis,
757 2335 867 2371 unius
889 2335 939 2371 ob
960 2335 1054 2370 iram

96 2400 294 2449 prodimur
314 2408 428 2449 atque
450 2401 553 2437 Italis
574 2401 688 2448 longe
710 2399 962 2448 disiungimur
982 2400 1068 2436 oris.

98 2465 177 2501 Hic
197 2466 347 2513 pietatis
368 2466 520 2503 honos?
575 2466 636 2503 Sic
657 2477 728 2502 nos
749 2465 787 2501 in
808 2471 960 2513 sceptra
980 2464 1186 2513 reponis?'

1438 202 1492 243 43

1441 321 1496 340 220

1441 645 1495 675 225

1440 973 1496 1002 ²30

1440 1298 1494 1327 235

1441 1625 1496 1653 240

1440 1950 1495 1979 245

1441 2275 1496 2304 250

134 2549 180 2570 224
194 2550 365 2588 dispiciens.
388 2551 424 2583 R.
502 2550 547 2573 ²³⁶
562 2551 688 2581 ditione.
712 2551 753 2579 H.
831 2550 875 2570 237
886 2550 1063 2587 pollicitu's.
1087 2550 1123 2578 R.
1202 2548 1247 2568 ²43
1263 2550 1389 2576 intuma.
1415 2549 1450 2577 R.
