1690 2734
141 190 198 220 VI.
217 189 308 231 564]
485 182 524 221 T
519 182 570 221 lze
596 180 840 233 Complaint
869 181 922 233 (gf
944 178 1202 231 Deiphobus.

139 306 215 344 Sed
237 313 274 342 te
296 306 361 354 qui
382 306 508 343 vivum
532 317 654 349 casus,
677 316 759 352 age,
785 304 862 340 fare
884 302 1066 347 vicissim,

139 371 343 408 attulerint.
405 371 583 419 Pelagine
604 369 711 406 venis
734 368 923 405 erroribus
947 374 1067 412 actus,

140 449 189 473 an
210 437 358 473 monitu
381 435 540 473 divom?
596 436 655 472 An
677 446 776 483 quae
798 440 835 471 te
860 434 1029 470 Fortuna
1050 432 1193 480 fatigat,

139 507 178 538 ut
199 501 323 538 tristes
345 501 426 538 sine
449 500 528 537 sole
551 499 702 545 domos,
724 499 810 536 loca
831 497 995 543 turbida,
1019 496 1194 533 adires?²

194 567 282 603 Hac
303 567 386 603 vice
408 578 631 604 sermonum
651 566 770 602 roseis
793 566 940 601 Aurora
961 562 1156 611 quadrigis

138 632 214 668 iarn
235 631 408 668 medium
430 631 602 668 aetherio
626 643 738 667 cursu
760 630 963 666 traiecerat
983 640 1096 665 axem
1112 641 1121 674 3

139 703 177 733 et
196 696 272 733 fors
293 708 409 733 omne
432 696 567 732 datum
590 695 784 732 traherent
804 706 872 742 per
893 694 982 730 talia
1002 700 1156 741 tempus
1173 706 1182 738 3

139 759 207 797 sed
229 772 360 797 comes
382 760 594 806 admonuit,
617 760 858 807 breviterque
882 758 1011 795 adfata
1032 758 1172 807 Sibylla
1195 764 1251 794 est
1270 772 1275 794 :

141 832 148 846 ‘
166 828 256 864 Nox
275 827 360 873 ruit,
382 829 539 873 Aenea3
570 838 640 863 nos
662 825 793 863 flendo
815 824 993 862 ducimus
1015 824 1137 861 horas.

143 893 221 928 Hic
242 893 348 928 locus
371 898 439 937 est,
462 898 587 940 partes
610 892 674 928 ubi
695 903 735 928 se
757 891 817 927 via
838 881 949 927 findit
971 891 1008 927 in
1029 890 1186 927 ambas:

141 958 298 994 dextera
318 970 416 1006 quae
440 958 537 994 Ditis
559 957 689 1006 magni
709 957 780 994 sub
801 957 957 994 moenia
976 956 1112 1002 tendit,

143 1023 214 1059 hac
235 1023 303 1059 iter
324 1023 496 1071 Elysium
519 1023 630 1059 nobis
646 1036 656 1069 3
687 1028 725 1059 at
745 1022 854 1059 laeva
874 1022 1061 1059 malorum

142 1095 296 1125 exercet
317 1100 476 1136 poenas,
499 1095 536 1125 et
556 1088 606 1125 ad
628 1088 745 1136 impia
764 1089 922 1124 Tartara
943 1088 1081 1124 mittit.’

144 1153 372 1200 Deiphobus
393 1160 550 1190 contra:
585 1153 669 1189 ‘Ne
691 1153 805 1197 saevi,
828 1165 968 1201 magna
988 1151 1170 1189 sacerdos
1186 1165 1196 1197 3

144 1217 355 1263 discedam,
379 1218 545 1265 explebo
566 1229 780 1262 numerum,
803 1216 1020 1265 reddarque
1042 1216 1221 1253 tenebris.

144 1282 163 1318 I
185 1281 319 1328 decus,
342 1283 364 1328 i,
387 1289 559 1319 nostrum
576 1296 585 1328 3
616 1282 837 1318 melioribus
858 1288 963 1318 utere
985 1282 1068 1318 fatis
1089 1282 1118 1318 l’

142 1353 312 1389 Tantum
335 1350 480 1396 effatus,
502 1356 541 1386 et
561 1350 599 1386 in
619 1350 738 1386 verbo
759 1350 918 1398 vestigia
938 1350 1055 1386 torsit.

197 1416 375 1464 Respicit
396 1417 546 1452 Aeneas
567 1415 706 1460 subito,
729 1421 767 1451 et
787 1415 858 1452 sub
877 1427 971 1463 rupe
993 1415 1143 1451 sinistra

141 1481 297 1518 moenia
316 1481 390 1517 lata
411 1480 527 1525 videt,
550 1480 687 1528 triplici
710 1479 951 1516 circumdata
970 1492 1092 1526 muro,

143 1559 242 1596 quae
264 1547 419 1595 rapidus
440 1547 602 1583 flammis
624 1547 744 1583 ambit
764 1547 995 1584 torrentibus
1016 1546 1151 1592 amnis,

142 1613 344 1648 Tartareus
367 1611 619 1659 Phlegethon,
643 1617 875 1659 torquetque
896 1611 1072 1648 sonantia
1092 1623 1194 1648 saxa.

146 1678 258 1713 Porta
277 1676 437 1713 adversa
458 1677 603 1725 ingens,
626 1675 829 1725 solidoque
850 1676 1055 1713 adamante
1077 1676 1296 1721 columnae,

146 1740 198 1777 vis
218 1747 259 1777 ut
279 1741 381 1777 nulla
401 1741 533 1787 virum,
556 1753 636 1777 non
657 1741 729 1789 ipsi
750 1741 976 1778 exscindere
997 1741 1099 1778 bello

145 1805 352 1842 caelicolae
372 1806 524 1842 valeant
539 1819 549 1852 3
581 1812 654 1842 stat
675 1806 795 1842 ferrea
815 1806 924 1843 turris
946 1805 996 1842 ad
1017 1818 1138 1852 auras,

145 1869 435 1918 Tisiphoneque
457 1870 609 1916 sedens,
631 1871 732 1919 palla
752 1871 952 1907 succincta
971 1877 1140 1917 cruenta,

146 1934 375 1972 vestibulum
397 1936 590 1972 exsomnis
612 1943 735 1972 servat
755 1942 969 1984 noctesque
990 1935 1163 1984 diesque.

148 2000 254 2036 Hinc
277 1999 448 2037 exaudiri
469 2001 646 2048 gemitus,
670 2007 708 2037 et
728 2013 842 2037 saeva
862 2013 997 2038 sonare

146 2064 303 2101 verbera
318 2078 328 2111 ;
358 2072 440 2102 tum
461 2065 600 2102 stridor
621 2066 718 2111 ferri,
742 2073 963 2115 tractaeque
985 2073 1158 2103 catenae.

201 2129 383 2167 Constitit
403 2132 566 2176 Aeneas,
590 2131 870 2179 strepitumque
893 2131 1091 2168 exterritus
1112 2131 1247 2168 hausit.

149 2194 284 2241 ‘Quae
306 2195 492 2232 scelerum
514 2196 643 2241 facies,
667 2196 702 2234 O
724 2196 841 2245 virgo,
864 2196 977 2233 effare
994 2210 1003 2242 ;
1034 2196 1218 2244 quibusve

149 2265 356 2307 urguentur
375 2261 539 2308 poenis?
595 2261 692 2309 Quis
714 2268 840 2298 tantus
861 2261 1021 2310 plangor
1040 2261 1089 2298 ad
1109 2261 1267 2297 auras?'

148 2323 250 2360 Tum
270 2331 375 2361 vates
396 2325 450 2361 sic
470 2338 555 2362 orsa
575 2325 679 2374 loqui
696 2340 703 2363 z
737 2328 746 2344 ⁴
765 2327 854 2363 Dux
875 2326 1017 2362 inclute
1037 2326 1246 2369 Teucrum,

150 2388 243 2425 nulli
262 2389 317 2426 fas
338 2396 443 2426 casto
464 2390 690 2427 sceleratum
711 2391 882 2427 insistere
904 2391 1020 2427 limen
1037 2404 1046 2436 3

153 2452 223 2489 sed
243 2466 304 2490 me
326 2466 415 2490 cum
435 2455 528 2491 lucis
552 2455 702 2491 Hecate
724 2455 909 2503 praefecit
930 2455 1100 2500 Avernis,

650 2539 693 2560 5⁶²
710 2541 763 2577 qui
780 2562 786 2569 .
803 2563 808 2569 .
825 2563 830 2570 .
845 2541 984 2579 clangor.
1006 2541 1042 2570 R.

1464 187 1534 229 171

1489 567 1544 595 535

1486 895 1543 924 540

1489 1222 1544 1251 545

1487 1551 1544 1581 550

1493 1875 1547 1905 555

1493 2176 1549 2230 56o
