1690 2734
95 181 176 211 ECL.
203 178 279 220 IV.]
709 170 867 211 Pollio.
1445 182 1459 210 1
1474 182 1487 211 1

95 295 385 333 commemorated,
403 294 509 335 Virgil
534 293 716 324 celebrates
742 292 796 322 the
822 302 896 323 new
918 292 1005 333 hope
1024 291 1063 323 of
1075 292 1170 332 Italy.
1218 292 1259 323 In
1285 292 1340 323 the
1364 292 1494 334 predic-

95 351 180 381 tions
198 350 235 381 of
257 340 376 381 Italian
393 349 522 391 priestS‚
540 360 558 379 a
576 359 648 378 new
667 350 685 363 ‘⁶
698 347 826 377 seeular
843 347 993 385 month‚''
1013 347 1082 377 that
1107 347 1144 377 of
1165 347 1299 388 Apollo,
1321 346 1358 377 of
1379 347 1494 378 indefi-

95 406 161 436 nite
186 405 349 442 duration,
367 415 434 434 was
459 404 556 434 made
582 407 616 433 to
632 402 734 443 begin
752 407 783 432 at
801 402 855 432 the
874 402 973 432 death
992 402 1029 432 os
1049 402 1155 443 Julius
1173 401 1304 439 Caesar3
1335 401 1402 432 and
1418 401 1495 440 this,

94 461 128 491 in
145 460 285 502 popular
302 459 410 499 fancy,
429 458 539 489 would
556 458 752 498 inaugurate
771 468 790 487 a
806 467 878 487 new
895 458 968 496 Age
987 456 1025 487 of
1046 456 1144 487 Gold.

177 558 431 596 ICELIDES
452 558 601 602 Musae,
624 555 739 605 paulo
760 555 906 591 maiora
927 567 1111 591 canamus
1132 556 1138 591 1

231 624 323 660 Non
343 622 468 659 omnis
491 618 643 658 arbusta
663 620 793 656 iuvant
814 619 1056 668 humilesque
1079 619 1246 668 myricae
1261 633 1272 666 ,-
1307 610 1361 643 (μ

95 689 126 725 si
147 689 319 725 canimus
342 687 464 733 silvas,
487 686 601 723 silvae
623 686 696 722 sint
717 685 875 721 consule
898 684 1049 733 dignae.

150 752 298 790 Ultima
318 751 480 790 Cumaei
500 751 605 788 venit
626 751 701 786 iam
723 749 901 786 carminis
923 756 1028 786 aetas
1045 762 1055 796 3

96 830 257 865 magnus
277 817 325 854 ab
346 817 495 865 integro
516 808 731 852 saeclorum
752 815 921 851 nascitur
941 814 1038 851 ordo
1056 828 1063 851 :

96 882 173 919 iam
192 882 349 934 redittet
369 882 498 930 Virgo,
520 880 686 917 redeunt
707 880 880 917 Saturnia
899 892 1017 928 regna
1032 893 1041 926 ;

96 947 172 984 iam
192 959 294 984 nova
312 947 517 995 progenies
538 946 647 982 caelo
669 945 882 982 demittitur
902 945 989 982 alto.

96 1013 157 1048 Tu
176 1011 297 1049 modo
317 1011 493 1048 nascenti
513 1023 646 1059 puero,
669 1022 746 1058 quo
768 1010 888 1046 ferrea
907 1010 1075 1058 primum

97 1076 248 1114 desinet
267 1089 312 1113 ac
333 1083 416 1113 toto
437 1082 566 1124 surget
586 1087 680 1124 gens
701 1087 817 1111 aurea
836 1074 996 1121 mundo,

99 1148 206 1178 casta
225 1142 308 1178 fave
331 1141 502 1178 Lucina:
535 1147 622 1176 tuus
643 1140 719 1176 iam
739 1146 873 1188 regnat
894 1140 1046 1188 Apollo.
1465 1162 1499 1182 10

151 1207 289 1254 Teque
310 1206 411 1242 adeo
432 1205 553 1242 decus
574 1205 650 1241 hoc
672 1205 754 1241 aevi
789 1210 825 1241 te
848 1205 1007 1241 consule
1042 1205 1162 1251 inibit,

101 1271 233 1317 Pollio,
256 1278 293 1307 et
314 1271 500 1319 incipient
520 1270 649 1318 magni
669 1269 883 1318 procedere
903 1282 1069 1307 menses.

97 1337 154 1372 Te
175 1335 287 1381 duce,
309 1335 339 1372 si
360 1347 436 1383 qua
460 1341 618 1372 manent
639 1335 791 1372 sceleris
811 1335 972 1383 vestigia
991 1335 1121 1381 nostri,

98 1400 200 1437 irrita
219 1407 407 1448 perpetua
427 1399 576 1436 solvent
596 1399 802 1436 formidine
824 1405 953 1436 terras.

99 1465 167 1502 Ille
188 1465 306 1501 deum
325 1465 442 1501 vitam
464 1465 642 1512 accipiet,
666 1464 839 1512 divisque
860 1463 1007 1501 videbit
1465 1486 1499 1516 15

98 1529 308 1579 permixtos
329 1529 478 1575 heroas,
501 1536 539 1566 et
559 1529 640 1578 ipse
662 1528 853 1566 videbitur
873 1529 954 1575 illis,

98 1601 360 1644 pacatumque
382 1600 488 1643 reget
508 1594 637 1643 patriis
658 1594 857 1631 virtutibus
878 1595 1025 1631 orbem.

152 1660 202 1696 At
221 1659 289 1696 tibi
308 1660 445 1708 prima,
466 1671 575 1708 puer,
596 1659 700 1696 nullo
723 1659 951 1696 munuscula
972 1660 1075 1696 cultu

99 1724 256 1761 errantis
276 1724 441 1761 hederas
461 1724 605 1773 passim
626 1736 716 1760 cum
736 1724 899 1761 baccare
921 1724 1030 1761 tellus

99 1788 294 1837 mixtaque
314 1788 452 1825 ridenti
476 1789 669 1826 colocasia
689 1788 824 1825 fundet
845 1789 1024 1826 acantho.
1463 1813 1500 1831 20

102 1853 212 1901 Ipsae
233 1853 331 1889 lacte
353 1852 515 1890 domum
535 1853 702 1890 referent
722 1853 889 1890 distenta
908 1854 1078 1902 capellae

99 1918 227 1964 ubera,
249 1931 322 1954 nec
344 1930 504 1967 magnos
525 1924 700 1954 metuent
720 1925 894 1954 armenta
913 1919 1044 1955 leones
1054 1928 1078 1966 ζ»
1193 1961 1216 1976 l

99 1983 182 2031 ipsa
201 1983 267 2020 tibi
288 1983 451 2020 blandos
473 1983 636 2020 fundent
657 1983 848 2020 cunabula
868 1983 990 2029 flores,
1060 1999 1063 2004 ¹
1154 1966 1182 2013 lx

100 2047 255 2084 occidet
275 2055 312 2084 et
333 2053 503 2096 serpens,
526 2054 563 2084 et
583 2048 695 2084 fallax
716 2048 834 2085 herba
853 2048 994 2085 veneni

100 2112 255 2149 occidet
272 2126 281 2159 3
311 2113 507 2162 Assyrium
527 2113 640 2161 volgo
661 2120 840 2150 nascetur
860 2126 1072 2151 amomum.
1463 2137 1498 2165 25

153 2178 202 2213 At
222 2177 334 2214 simul
355 2178 516 2214 heroum
538 2177 670 2214 laudes
692 2185 730 2214 et
750 2178 852 2215 facta
871 2179 1040 2227 parentis

99 2242 175 2278 iam
194 2242 320 2290 legere
342 2249 378 2279 et
400 2255 498 2291 quae
519 2243 566 2279 sit
586 2243 728 2291 poteris
750 2256 991 2292 cognoscere
1011 2244 1140 2289 virtus,

101 2307 205 2343 molli
225 2307 408 2355 paulatim
429 2307 608 2344 flavescet
629 2321 789 2370 campus
811 2309 935 2355 arista,

100 2371 329 2420 incultisque
351 2372 490 2409 rubens
513 2372 699 2421 pendebit
720 2355 890 2410 sentibus
912 2386 996 2420 uva,

1370 585 1439 618 v<

427 2505 454 2525 12
470 2507 567 2535 Polio.
590 2507 626 2535 R.
962 2508 988 2527 14
1006 2509 1113 2537 inrita.
1137 2509 1173 2537 R.
