1690 2734
136 207 162 238 1.
179 207 270 249 454]
487 200 526 239 T
522 200 574 239 lae
605 200 716 239 rVew
751 198 846 251 City
877 200 931 253 of
958 197 1181 253 Carffmge.

136 324 296 361 Miratur
316 324 460 361 molem
480 325 644 369 Aeneas,
666 323 828 372 magalia
848 322 1059 371 quondam,

134 389 289 425 miratur
308 395 438 437 portas
459 388 737 437 strepitumque
759 395 796 425 et
818 394 932 424 strata
951 388 1108 425 viarum.

135 455 286 491 Instant
306 453 485 491 ardentes
502 454 605 502 Tyrii
625 465 711 502 pars
733 453 875 490 ducere
897 466 1038 499 muros,

134 519 332 567 molirique
355 530 484 555 arcem
505 525 543 555 et
563 518 738 555 manibus
760 518 984 555 subvolvere
1006 530 1107 564 saxa,

133 597 219 634 pars
241 590 374 633 optare
395 583 524 621 locum
545 590 650 620 tecto
671 589 708 620 et
730 582 965 620 concludere
988 583 1107 620 sulco.

138 649 249 700 [Iura
269 649 587 698 magistratusque
609 649 740 697 legunt
760 655 1015 696 sanctumque
1037 655 1213 685 senatum
1232 647 1262 699 3]

133 715 195 752 hic
215 722 347 764 portus
368 714 429 751 alii
449 713 664 760 effodiunt3
695 713 758 750 hic
779 713 854 750 alta
874 713 1030 750 theatris

131 780 384 818 fundamenta
402 780 533 816 locant
553 779 626 825 alii,
649 779 904 827 immanisque
926 779 1127 815 columnas

131 846 287 894 rupibus
309 844 505 891 excidunt,
527 844 678 881 scaenis
699 843 843 881 decora
862 844 938 881 alta
957 844 1101 881 futuris.

132 911 264 959 Qualis
286 923 378 959 apes
399 917 544 947 aestate
566 923 664 947 nova
685 922 754 958 per
775 910 891 946 florea
910 922 995 946 rura

131 983 286 1013 exercet
305 976 377 1013 sub
397 976 477 1013 sole
499 975 617 1022 labor,
640 988 730 1012 cum
751 976 874 1024 gentis
896 974 1047 1012 adultos

131 1041 302 1079 educunt
322 1042 431 1087 fetus,
453 1048 519 1078 aut
539 1054 627 1078 cum
648 1041 833 1089 liquentia
853 1041 966 1077 mella

130 1107 272 1155 stipant
291 1113 329 1143 et
349 1106 452 1143 dulci
473 1105 698 1143 distendunt
718 1112 873 1142 nectare
897 1106 1022 1151 cellas,

130 1179 194 1209 aut
213 1184 332 1208 onera
352 1171 547 1220 accipiunt
566 1171 803 1217 venientum,
825 1177 889 1208 aut
910 1172 1062 1220 agmine
1084 1172 1186 1209 facto

129 1238 309 1285 ignavom
329 1236 437 1273 fucos
457 1248 578 1284 pecus
598 1249 621 1272 a
640 1236 888 1284 praesepibus
908 1243 1064 1273 arcent:

130 1302 248 1339 fervet
268 1315 377 1351 opus,
400 1300 653 1350 redolentque
675 1301 808 1350 thymo
830 1302 1033 1350 fragrantia
1053 1302 1176 1339 mella.

129 1369 139 1386 ‘
153 1367 189 1405 O
210 1367 401 1413 fortunati,
424 1379 586 1415 quorum
608 1366 685 1403 iam
705 1367 860 1403 moenia
880 1374 1037 1415 surgunt
1056 1369 1062 1404 Ι
1079 1368 1086 1383 ’

128 1434 279 1469 Aeneas
301 1432 364 1478 ait,
387 1438 424 1468 et
444 1432 593 1480 fastigia
613 1432 771 1481 suspicit
792 1432 906 1469 urbis.

128 1498 248 1534 Infert
266 1510 307 1534 se
330 1504 483 1545 saeptus
504 1497 657 1543 nebula,
680 1497 850 1534 mirabile
873 1496 991 1543 dictu,

127 1575 195 1611 per
215 1562 376 1608 medios,
398 1563 613 1611 miscetque
633 1562 732 1607 viris,
755 1575 882 1610 neque
904 1563 1071 1599 cernitur
1091 1564 1166 1601 ulli.

181 1628 308 1664 Lucus
330 1627 367 1663 in
388 1628 482 1664 urbe
504 1627 572 1664 fuit
592 1627 734 1672 media,
756 1628 982 1667 laetissimus
1004 1629 1149 1674 umbra,

126 1705 203 1741 quo
223 1693 389 1741 primum
409 1693 538 1729 iactati
557 1692 670 1729 undis
692 1699 730 1729 et
750 1693 900 1730 turbine
923 1694 1042 1730 Poeni

126 1757 296 1794 effodere
316 1758 405 1794 loco
426 1758 589 1806 signum,
611 1758 717 1806 quod
738 1759 840 1806 regia
862 1760 960 1795 Iuno

126 1829 366 1868 monstrarat,
389 1829 505 1871 caput
526 1823 621 1859 acris
643 1824 757 1871 equi;
788 1824 843 1860 sic
863 1837 953 1860 nam
974 1825 1054 1861 fore
1075 1826 1177 1863 bello

125 1888 317 1936 egregiam
339 1894 375 1924 et
397 1888 547 1924 facilem
568 1888 671 1924 victu
693 1900 761 1936 per
780 1889 934 1926 saecula
953 1897 1122 1938 gentem.

127 1954 205 1989 Hic
226 1953 411 2001 templum
436 1953 577 1989 Iunoni
598 1953 731 2002 ingens
753 1954 911 1991 Sidonia
933 1955 1037 1992 Dido

124 2018 331 2064 condebat,
354 2018 466 2055 donis
487 2019 715 2067 opulentum
738 2025 776 2056 et
796 2020 953 2056 numine
976 2019 1099 2067 divae,

123 2096 235 2120 aerea
255 2084 316 2120 cui
336 2083 516 2132 gradibus
536 2084 741 2133 surgebant
763 2084 905 2130 limina,
928 2098 1129 2135 nexaeque

122 2161 208 2185 aere
230 2149 367 2193 trabes,
391 2149 533 2186 foribus
555 2149 673 2186 cardo
696 2149 879 2186 stridebat
903 2151 1021 2188 aenis.

125 2215 214 2250 Hoc
237 2215 403 2262 primum
426 2215 462 2250 in
483 2215 571 2251 luco
592 2227 693 2251 nova
712 2228 771 2252 res
793 2215 922 2252 oblata
941 2216 1119 2254 timorem

122 2279 238 2325 leniit,
261 2280 322 2316 hic
344 2280 510 2328 primum
532 2282 683 2317 Aeneas
704 2293 857 2329 sperare
879 2281 1040 2319 salutem

122 2358 247 2390 ausus,
270 2352 305 2381 et
327 2345 489 2382 adflictis
510 2344 646 2383 melius
668 2346 865 2383 confidere
886 2347 1010 2384 rebus.

123 2411 302 2458 Namque
325 2411 395 2448 sub
416 2411 561 2459 ingenti
580 2411 714 2448 lustrat
735 2411 826 2448 dum
849 2412 996 2460 singula
1017 2414 1173 2462 templo,

121 2475 291 2524 reginam
312 2476 530 2524 opperiens,
554 2475 660 2522 dum,
683 2488 781 2524 quae
803 2477 954 2513 fortuna
973 2478 1019 2514 sit
1043 2479 1134 2523 urbi,

274 2559 317 2580 427
333 2561 414 2589 hinc.
437 2561 472 2589 R.

679 2561 722 2581 428
732 2565 851 2599 petunt.
874 2562 909 2591 R.

1113 2563 1156 2584 441
1173 2564 1307 2594 umbrae.
1330 2565 1366 2594 R.

1478 214 1535 255 49

1476 590 1533 620 425

1474 918 1533 947 430

1472 1245 1528 1275 435

1467 1901 1523 1931 445

1465 2229 1523 2257 450
