1690 2734
122 172 174 222 56
480 184 505 212 1.
548 172 636 212 Tlce
666 172 881 226 Landz'ng
909 173 954 213 in
987 173 1156 226 Africa.

118 293 301 330 incendat
320 294 505 342 reginam,
528 301 642 342 atque
664 295 812 331 ossibus
834 296 1005 343 implicet
1025 296 1180 344 ignem,

118 359 263 406 quippe
285 358 445 395 domum
467 359 575 395 timet
595 359 817 407 ambiguam
837 360 1050 409 Tyriosque
1072 361 1249 410 bilinguis
1266 375 1276 408 ;

117 423 190 459 urit
210 430 317 460 atrox
339 424 451 469 Iuno,
474 430 511 460 et
531 424 601 460 sub
622 431 779 460 noctem
801 437 891 461 cura
910 432 1088 462 recursat.

120 488 222 536 Ergo
244 488 300 525 bis
322 488 505 536 aligerum
527 488 638 525 dictis
660 488 809 526 adfatur
829 491 1037 527 Amorem:

173 555 181 570 ‘
198 553 312 599 Nate,
334 565 443 589 meae
465 553 572 598 vires,
595 565 681 590 mea
703 566 841 602 magna
862 555 1035 602 potentia
1055 555 1170 601 solus,

117 624 219 663 nate,
243 618 359 666 patris
380 619 520 654 summi
540 619 605 666 qui
625 619 701 655 tela
720 619 897 667 Typlima
917 620 1069 666 temnis,

118 682 168 719 ad
189 689 225 719 te
247 683 429 731 confugio
450 690 487 719 et
508 683 671 731 supplex
690 690 755 720 tua
776 685 935 721 numina
955 697 1090 733 posco.

120 748 250 784 Frater
270 754 310 784 ut
332 749 482 784 Aeneas
504 748 641 797 pelago
662 756 747 785 tuus
769 749 900 785 omnia
921 750 1065 787 circum

117 812 227 849 litora
248 813 408 849 iactetur
428 813 525 849 odiis
549 814 708 850 Iunonis
730 814 895 862 iniquae,

119 884 210 914 nota
229 878 308 922 tibi,
331 885 369 914 et
389 884 520 914 nostro
542 878 695 914 doluisti
716 891 832 927 saepe
855 879 1000 916 dolore.

122 943 240 979 Hunc
265 943 474 979 Phoenissa
494 950 600 979 tenet
622 943 728 980 Dido
749 944 977 992 blandisque
1000 952 1167 982 moratur

118 1008 304 1054 vocibus,
335 1015 372 1044 et
392 1020 537 1053 vereor,
559 1020 637 1056 quo
659 1021 698 1045 se
724 1010 888 1045 Iunonia
908 1017 1055 1046 vertant

120 1073 310 1121 bospitia3
342 1073 443 1109 haud
464 1080 571 1110 tanto
593 1074 757 1110 cessabit
780 1074 936 1111 cardine
962 1087 1099 1112 rerum.

121 1139 315 1186 Quocirca
336 1150 474 1186 capere
495 1145 583 1175 ante
605 1138 703 1175 dolis
725 1146 761 1175 et
784 1139 938 1187 cingere
962 1140 1117 1176 flamma

119 1203 287 1252 reginam
305 1203 481 1248 meditor,
503 1216 551 1240 ne
573 1215 650 1251 quo
671 1216 711 1240 se
734 1204 892 1240 numine
914 1211 1047 1250 mutet,

119 1268 187 1305 sed
209 1281 352 1316 magno
376 1270 530 1305 Aeneae
552 1280 708 1305 mecum
730 1276 905 1305 teneatur
925 1282 1069 1306 amore.

121 1334 208 1381 Qua
228 1334 353 1370 facere
375 1333 414 1370 id
435 1333 570 1381 possis,
593 1341 762 1370 nostram
784 1346 887 1371 nunc
911 1335 1045 1383 accipe
1067 1342 1250 1372 mentem.

122 1399 265 1446 Regius
287 1399 413 1434 accitu
436 1399 510 1434 cari
533 1399 714 1446 genitoris
736 1399 785 1435 ad
807 1399 942 1436 urbem

120 1463 317 1500 Sidoniam
339 1475 434 1511 puer
454 1464 505 1499 ire
528 1471 646 1511 parat,
669 1476 755 1500 mea
777 1465 942 1501 maxima
965 1477 1067 1511 cura,

120 1528 223 1564 dona
244 1529 380 1574 ferens,
403 1528 541 1577 pelago
563 1536 599 1565 et
621 1529 783 1566 flammis
799 1530 980 1566 restantia
999 1530 1138 1566 Troiae
1157 1544 1163 1567 :

121 1593 223 1630 hunc
244 1606 316 1641 ego
339 1594 507 1642 sopitum
530 1606 669 1630 somno
691 1606 806 1642 super
825 1595 900 1631 alta
920 1595 1088 1643 Cythera

120 1666 183 1695 aut
204 1671 318 1707 super
340 1658 504 1695 Idalium
525 1665 671 1695 sacrata
691 1658 783 1695 sede
805 1659 1029 1704 recondam,

120 1737 167 1761 ne
189 1737 265 1772 qua
285 1725 381 1760 scire
404 1723 514 1760 dolos
538 1723 737 1760 mediusve
760 1736 962 1761 occurrere
984 1725 1115 1772 possit.

119 1792 178 1827 Tu
200 1791 337 1827 faciem
360 1791 454 1827 illius
477 1797 634 1827 noctem
658 1802 737 1826 non
759 1790 920 1838 amplius
942 1802 1059 1826 unam

119 1856 203 1892 falle
226 1856 330 1902 dolo,
353 1863 390 1892 et
410 1862 522 1892 notos
544 1856 651 1904 pueri
674 1867 769 1903 puer
789 1854 905 1891 indue
927 1855 1062 1900 voltus,

120 1928 172 1966 ut,
195 1935 283 1958 cum
305 1928 341 1958 te
363 1922 509 1970 gremio
531 1921 696 1969 accipiet
718 1920 922 1956 laetissima
944 1919 1049 1956 Dido

120 1987 254 2036 regalis
277 1987 374 2023 inter
395 1999 545 2023 mensas
568 1986 799 2033 laticemque
825 1986 1007 2032 Lyaeum,

121 2065 209 2089 cum
232 2052 338 2089 dabit
359 2052 556 2100 amplexus
578 2058 692 2099 atque
715 2051 846 2087 oscula
867 2050 996 2086 dulcia
1016 2049 1119 2097 figet,

120 2117 316 2154 occultum
338 2116 496 2164 inspires
518 2117 645 2164 ignem
666 2116 848 2164 fallasque
870 2117 1047 2152 veneno.'

177 2182 286 2218 Paret
308 2183 427 2218 Amor
447 2180 559 2217 dictis
581 2193 691 2217 carae
714 2181 929 2229 genetricis,
952 2187 990 2217 et
1010 2180 1087 2217 alas

123 2247 236 2289 exuit,
260 2253 295 2282 et
316 2258 445 2294 gressu
467 2245 640 2294 gaudens
662 2245 807 2282 incedit
830 2246 913 2282 Iuli.

122 2312 170 2347 At
190 2311 322 2347 Venus
344 2311 509 2347 Ascanio
530 2310 722 2358 placidam
745 2322 813 2358 per
834 2311 1007 2348 membra
1028 2310 1198 2359 quietem

122 2376 267 2423 inrigat,
290 2382 327 2411 et
348 2375 469 2412 sotum
491 2375 637 2423 gremio
659 2374 733 2411 dea
752 2375 849 2412 tollit
870 2375 905 2411 in
928 2375 1024 2413 altos

123 2439 266 2476 Idaliae
288 2440 406 2484 lucos,
428 2440 493 2477 ubi
514 2439 638 2476 mollis
659 2452 854 2476 amaracus
876 2439 980 2476 illum

1354 179 1515 221 [AENEID.

1461 297 1519 325 660

1463 622 1518 657 665

1465 945 1521 980 670

1467 1595 1524 1622 680

1467 1921 1521 1957 685

264 2525 308 2546 665
332 2525 474 2563 thplzoda.
499 2526 533 2553 R.
766 2525 809 2546 670
826 2526 927 2554 N‘mzc.
952 2526 987 2554 R.
1221 2523 1265 2545 085
1281 2525 1325 2553 de.
1348 2525 1384 2555 R.
