1690 2734
152 169 209 209 60
589 178 632 207 11.
666 166 753 206 Tlce
783 166 887 206 Fall
914 168 967 219 of
997 166 1115 219 Troy.

151 291 346 340 incipiam.
406 291 532 328 Fraeti
553 291 654 328 bello
677 290 839 338 fatisque
859 290 1000 338 repulsi

152 357 332 393 ductores
355 357 549 400 Danaum,
571 362 627 392 tot
650 356 722 392 iam
746 355 962 392 labentibus
983 356 1104 401 annis,

150 422 267 458 instar
287 421 428 457 montis
450 433 594 468 equum
616 420 745 456 divina
767 420 928 457 Palladis
950 427 1028 457 arte

150 486 369 531 aedificant,
393 492 576 533 sectaque
598 486 774 522 intexunt
794 485 919 522 abiete
941 492 1071 522 costas
1089 500 1096 522 ε

149 558 282 588 votum
305 563 374 600 pro
396 550 521 587 reditu
543 551 720 587 simulant
737 564 745 596 3
777 562 822 587 ea
843 551 943 586 fama
962 557 1131 598 vagatur.

152 618 244 653 Huc
265 616 418 653 delecta
438 616 560 652 virum
581 615 701 652 sortiti
723 627 885 663 corpora
906 615 1033 651 furtim

150 681 351 718 includunt
372 692 492 717 caeco
514 681 633 726 lateri,
656 681 886 728 penitusque
908 692 1090 717 cavernas

149 746 313 794 ingentis
335 753 564 793 uterumque
586 752 733 781 armato
756 745 872 781 milite
895 745 1105 793 complent.

205 812 273 847 Est
294 811 331 847 in
353 817 566 858 conspectu
588 809 785 855 Tenedos,
808 811 1006 846 notissima
1026 810 1127 847 fama

148 875 281 920 insula,
305 875 410 912 dives
433 887 565 924 opum,
590 875 728 911 Priami
749 873 841 911 dum
863 887 979 921 regna
1001 875 1220 921 manebant,

148 953 253 977 nunc
273 947 422 977 tantum
443 941 546 977 sinus
569 947 606 976 et
627 940 739 976 statio
762 939 858 976 male
881 939 958 976 fida
980 940 1140 978 carinis:

149 1005 224 1042 huc
246 1017 286 1042 se
307 1005 482 1053 provecti
502 1005 658 1041 deserto
680 1005 718 1040 in
740 1004 848 1040 litore
870 1004 1056 1042 condunt.

150 1071 233 1108 Nos
254 1071 391 1107 abiisse
412 1070 480 1107 rati
501 1077 539 1106 et
559 1076 676 1106 vento
697 1070 851 1118 petiisse
875 1070 1085 1117 Mycenas:

149 1148 239 1184 ergo
261 1136 385 1172 omnis
406 1135 525 1183 longo
546 1135 658 1172 solvit
678 1146 717 1171 se
739 1135 904 1171 Teucria
925 1135 1027 1171 luctu
1045 1148 1055 1181 3

148 1200 371 1249 panduntur
390 1207 524 1248 portae
542 1214 551 1246 3
582 1200 684 1236 iuvat
706 1200 757 1236 ire
779 1206 815 1236 et
839 1200 982 1236 Dorica
1003 1207 1127 1237 castra

149 1265 399 1313 desertosque
420 1264 551 1301 videre
572 1265 679 1302 locos
700 1265 865 1313 litusque
886 1264 1072 1302 relictum.

152 1331 228 1367 Hic
252 1330 451 1378 Dolopum
475 1342 623 1375 manus,
647 1329 709 1366 hic
731 1341 865 1366 saevus
887 1329 1072 1367 tendebat
1093 1330 1286 1377 Achillesg

150 1395 333 1432 classibus
356 1395 418 1432 hic
439 1395 546 1432 locus
563 1409 573 1441 3
604 1394 666 1431 hic
687 1395 770 1431 acie
792 1401 937 1431 certare
959 1395 1146 1432 solebant.

150 1462 238 1497 Pars
260 1466 387 1508 stupet
408 1461 592 1509 innuptae
614 1460 762 1497 donum
784 1460 934 1496 exitiale
958 1460 1170 1505 Minervae,

149 1532 186 1562 et
206 1526 350 1562 molem
370 1525 554 1562 mirantur
574 1525 662 1573 equi
679 1539 688 1571 ;
719 1525 940 1573 primusque
961 1525 1198 1575 Thymoetes

149 1590 238 1628 duci
260 1591 356 1627 intra
377 1603 505 1628 muros
527 1591 698 1627 hortatur
719 1597 755 1627 et
775 1602 863 1626 arce
884 1590 1014 1635 locari,

149 1656 226 1692 sive
248 1655 352 1700 dolo,
375 1668 441 1692 seu
464 1656 538 1692 iam
559 1656 698 1692 Troiae
720 1655 773 1691 sic
794 1655 871 1691 fata
891 1654 1075 1693 ferebant.

149 1722 196 1757 At
219 1721 358 1768 Capys,
382 1727 418 1757 et
440 1733 605 1768 quorum
627 1720 762 1756 melior
782 1720 972 1757 sententia
994 1722 1127 1767 menti,

149 1792 213 1822 aut
234 1786 372 1833 pelago
394 1786 574 1822 Danaum
595 1785 750 1821 insidias
772 1792 1031 1833 suspectaque
1055 1786 1159 1824 dona

149 1850 401 1898 praecipitare
423 1850 568 1894 iubent,
592 1850 850 1898 subiectisque
874 1862 982 1887 urere
1005 1851 1178 1897 fiammis,

149 1922 213 1951 aut
234 1915 422 1951 terebrare
446 1927 557 1951 cavas
578 1915 673 1951 uteri
695 1921 732 1951 et
753 1922 941 1963 temptare
963 1916 1136 1953 latebras.

150 1978 341 2016 Scinditur
362 1980 550 2016 incertum
572 1979 698 2015 studia
720 1980 758 2016 in
779 1981 969 2016 contraria
990 1981 1134 2028 volgus.

205 2044 351 2080 Primus
372 2045 421 2080 ibi
443 2051 531 2080 ante
553 2044 690 2090 omnis,
714 2057 855 2093 inagna
875 2045 1086 2082 comitante
1109 2052 1273 2092 caterva,

153 2109 337 2145 Laocoon
359 2108 497 2145 ardens
518 2121 669 2145 sumnia
689 2109 857 2146 decurrit
877 2110 926 2146 ab
947 2122 1047 2155 arce,

150 2181 187 2209 et
209 2173 365 2221 procul:
399 2176 407 2191 ⁴
423 2174 458 2211 O
480 2174 618 2215 miseri,
642 2186 740 2222 quae
763 2181 868 2211 tanta
888 2175 1048 2219 insania,
1070 2175 1200 2212 cives?

151 2237 315 2274 Creditis
336 2245 492 2274 avectos
515 2239 662 2275 hostis?
718 2241 794 2275 Aut
815 2240 890 2276 ulla
911 2241 1051 2288 putatis

151 2302 255 2339 dona
276 2314 403 2340 carere
426 2303 524 2340 dolis
547 2305 754 2340 Danaum?
809 2305 870 2341 Sic
892 2313 1004 2341 notus
1025 2305 1186 2343 Ulixes?

151 2374 214 2403 aut
236 2367 310 2403 hoc
332 2368 467 2404 inclusi
488 2368 591 2415 ligno
612 2369 853 2405 occultantur
873 2369 1019 2414 Achivi,

152 2438 215 2469 aut
236 2432 332 2469 haec
355 2433 392 2469 in
413 2439 562 2469 nostros
584 2433 766 2470 fabricata
786 2440 843 2470 est
864 2434 1043 2470 machina
1064 2446 1191 2471 muros

353 2516 381 2538 15
396 2527 491 2546 ecum.
514 2518 550 2546 R.
692 2517 749 2537 2⁵4⁵
764 2527 847 2554 susp.
862 2518 936 2546 hiat.
959 2518 995 2547 R.
1130 2517 1160 2538 29
1174 2527 1287 2547 saevos.
1310 2518 1347 2548 R.

1388 172 1547 214 [AENmD.

1518 428 1550 455 15

1512 753 1550 773 20

1514 1078 1550 1107 25

1513 1403 1551 1432 30

1514 1730 1550 1758 35

1514 2053 1552 2080 40

1514 2375 1550 2404 45
