1690 2734
237 207 296 239 IV.
320 204 412 249 327.]
621 200 776 242 Dz'do’s
807 202 978 255 Appeal
1005 210 1045 242 to
1068 203 1250 244 AEneas.

236 331 511 374 temptaturum
534 325 670 371 aditus,
694 332 731 362 et
751 318 849 374 quae
872 327 1094 364 mollissima
1113 327 1217 364 fandi

237 396 423 438 tempora,
446 391 530 438 quis
551 391 661 427 rebus
684 390 820 428 dexter
841 392 991 429 modus.
1051 393 1170 430 Ocius
1192 405 1327 430 omnes

236 454 398 503 imperio
419 455 508 492 laeti
528 462 664 504 parent
685 469 729 492 ac
752 457 852 493 iussa
872 457 1075 494 facessunt.

291 521 339 556 At
360 520 491 568 regina
511 520 622 558 dolos
637 543 687 547 —-
701 522 785 569 quis
807 522 932 558 fallere
954 522 1076 570 possit
1097 525 1318 560 amantem?

238 586 460 633 praesensit,
483 593 688 634 motusque
710 587 864 635 excepit
884 588 1006 635 prima
1027 588 1185 632 futuros,

236 651 367 686 omnia
386 657 467 687 tuta
486 651 636 687 timeus.
698 651 848 688 Eadem
870 652 988 700 impia
1010 653 1128 688 Fama
1148 653 1286 690 furenti

236 714 370 751 detulit
391 716 528 752 armari
549 716 710 753 classem
731 729 962 765 cursumque
984 718 1117 765 parari.

235 781 364 817 Saevit
387 781 497 829 inops
518 782 647 827 animi,
669 788 867 830 totamque
890 782 1050 819 incensa
1069 795 1137 831 per
1157 785 1291 820 urbem

236 845 456 891 bacchatur,
479 847 598 894 qualis
621 847 826 883 commotis
848 847 972 883 excita
993 848 1108 884 sacris

235 911 391 959 Thyias,
414 911 477 947 ubi
498 911 630 948 audito
653 912 847 948 stimulant
867 912 1058 948 trieterica
1080 912 1235 949 Baccho

235 976 350 1024 orgia,
372 983 661 1025 nocturnusque
682 984 794 1013 vocat
815 977 989 1013 clamore
1012 977 1232 1014 Cithaeron.

233 1041 413 1078 Tandem
434 1042 491 1078 his
512 1043 671 1078 Aenean
694 1043 904 1090 compellat
924 1042 1084 1079 vocibus
1106 1043 1202 1079 ultro
1220 1057 1227 1079 :

290 1107 561 1143 ‘Dissimulare
584 1108 700 1144 etiam
721 1107 891 1155 sperasti,
914 1107 1073 1155 perfide,
1097 1114 1243 1144 tantum

234 1184 348 1220 posse
370 1173 488 1218 nefas,
511 1173 725 1220 tacitusque
746 1184 835 1208 mea
855 1171 1048 1208 decedere
1070 1173 1194 1209 terra?

236 1238 322 1273 Nec
342 1244 379 1273 te
401 1244 530 1278 noster
550 1250 669 1283 amor,
691 1249 764 1274 nec
785 1244 822 1274 te
844 1237 933 1273 data
954 1236 1111 1273 dextera
1131 1237 1343 1285 quondam,

235 1315 309 1338 nec
329 1303 511 1339 moritura
531 1309 636 1339 tenet
658 1302 803 1339 crudeli
825 1302 956 1338 funere
980 1301 1113 1338 Dido?

236 1368 339 1415 Quin
361 1368 477 1404 etiam
498 1368 659 1404 hiberno
682 1368 822 1404 moliris
844 1367 967 1403 sidere
990 1367 1164 1413 classem,

234 1439 270 1470 et
292 1432 428 1470 mediis
450 1445 633 1481 properas
654 1432 896 1480 aquilonibus
917 1432 969 1468 ire
990 1444 1058 1480 per
1078 1432 1207 1478 altum,

234 1498 426 1535 crudelis?
483 1497 600 1545 Quid,
622 1498 652 1534 si
673 1509 752 1534 non
773 1510 861 1533 arva
881 1498 1004 1533 aliena
1024 1496 1241 1546 domosque

233 1564 381 1613 ignotas
403 1570 565 1612 peteres,
588 1562 657 1599 sed
677 1563 793 1599 Troia
813 1563 970 1610 antiqua
991 1570 1175 1609 maneret,

231 1630 346 1666 Troia
368 1642 436 1677 per
456 1628 649 1665 undosum
670 1634 864 1676 peteretur
885 1628 1066 1664 classibus
1087 1629 1260 1676 aequor?

235 1697 353 1732 Mene
375 1695 500 1743 sugis?
558 1695 629 1730 Per
650 1706 722 1742 ego
743 1693 810 1729 has
832 1693 1006 1729 lacrimas
1027 1692 1280 1741 dextramque
1303 1701 1405 1730 tuam
1427 1701 1462 1730 te

239 1760 417 1809 (quando
438 1759 540 1796 aliud
562 1759 655 1795 mihi
676 1759 750 1795 iam
773 1758 932 1794 miserae
954 1757 1045 1794 nihil
1067 1758 1149 1805 ipsa
1169 1758 1323 1806 reliqui)

233 1839 300 1874 per
321 1826 488 1862 conubia
507 1832 648 1870 nostra,
670 1837 739 1873 per
759 1825 935 1872 inceptos
956 1823 1203 1872 hymenaeos,

232 1891 260 1928 si
282 1892 381 1928 bene
403 1890 496 1939 quid
518 1890 566 1926 de
588 1897 624 1926 te
646 1890 778 1934 merui,
800 1889 869 1925 fuit
890 1896 953 1925 aut
973 1889 1040 1925 tibi
1061 1890 1269 1937 quicquam

233 1957 345 1994 dulce
368 1970 510 2001 meum,
533 1957 711 1992 miserere
733 1955 872 1992 domus
894 1955 1067 2000 labentis,
1090 1961 1127 1990 et
1148 1955 1257 1991 istam
1272 1977 1323 1981 —-

234 2036 314 2069 oro,
337 2024 365 2060 si
387 2023 470 2072 quis
493 2022 620 2059 adhuc
642 2022 822 2070 precibus
844 2009 1017 2057 locus'—
1031 2032 1127 2065 exue
1150 2027 1333 2058 mentem.

232 2090 289 2125 Te
310 2096 468 2137 propter
490 2089 656 2136 Libycae
678 2094 810 2136 gentes
834 2085 1137 2134 Nomadumque
1159 2087 1306 2134 tyranni

233 2152 363 2198 odere,
385 2153 521 2208 ingensi
542 2154 645 2203 Tyrii
663 2167 671 2199 3
702 2160 739 2189 te
760 2160 917 2201 propter
937 2151 1106 2188 eundem

233 2219 441 2255 exstinctus
462 2217 599 2267 pudor,
623 2224 671 2263 et,
693 2230 769 2266 qua
789 2218 870 2254 sola
891 2216 1015 2255 sidera
1037 2217 1203 2262 adibam,

232 2283 333 2319 fama
353 2283 466 2331 prior.
525 2283 597 2320 Cui
618 2295 680 2320 me
702 2282 972 2320 moribundam
994 2282 1150 2327 deseris,
1175 2283 1343 2332 hospes?

235 2349 325 2384 Hoc
347 2347 469 2384 solum
492 2360 636 2384 nomen
658 2349 840 2396 quoniam
863 2347 912 2384 de
934 2348 1098 2396 coniuge
1120 2355 1245 2385 restat.

234 2412 337 2459 Quid
360 2413 514 2449 moror?
570 2414 628 2449 An
650 2424 736 2449 mea
759 2413 982 2461 Pygmalion
1005 2413 1097 2449 dum
1119 2414 1273 2450 moenia
1293 2414 1404 2450 frater

233 2475 412 2522 destruat,
434 2483 498 2513 aut
519 2483 672 2525 captam
693 2476 810 2513 ducat
831 2477 1014 2514 Gaetulus
1038 2478 1195 2514 Iarbas?

234 2541 375 2578 Saltem
396 2541 426 2578 si
446 2553 521 2589 qua
542 2541 634 2578 mihi
656 2541 705 2578 de
726 2548 763 2578 te
785 2549 966 2590 suscepta
986 2542 1116 2579 fuisset

1558 216 1630 258 115

1580 467 1634 496 295

1577 792 1634 820 300

1576 1114 1631 1145 305

1575 1441 1630 1470 310

1574 1766 1629 1795 315

1574 2095 1630 2123 320

1573 2420 1626 2449 325
