1690 2734
245 175 258 202 I
267 175 295 213 4
736 159 949 199 pastoral
973 159 1140 199 Poems.

293 286 385 323 Non
405 284 471 321 ulli
490 289 621 333 pastos
642 283 712 320 illis
734 294 846 332 egere
868 281 1005 319 diebus

238 350 385 399 frigida,
409 349 577 398 Daphni,
599 349 718 385 boves
739 347 789 384 ad
809 346 967 383 flumina
982 360 992 393 3
1022 346 1126 383 nulla
1144 358 1272 395 neque
1293 358 1447 383 amnem

238 415 366 453 libavit
387 414 620 463 quadrupes,
642 425 715 449 nec
737 412 917 460 graminis
939 412 1061 459 attigit
1081 411 1252 448 herbam.

239 480 409 529 Daphni,
431 485 539 515 tuum
561 479 714 515 Poenos
736 477 851 513 etiam
873 476 1104 524 ingemuisse
1127 476 1258 512 leones

238 545 432 582 interitum
453 550 683 591 montesque
705 542 773 578 feri
795 541 987 589 silvaeque
1008 541 1226 588 loquuntur.

240 610 415 659 Daphnis
438 616 475 645 et
496 608 696 645 Armenias
719 619 830 643 curru
851 606 1081 653 subiungere
1102 605 1216 654 tigres

239 675 399 711 instituit
415 688 424 721 3
457 673 634 721 Daphnis
655 672 798 708 thiasos
819 670 1004 708 inducere
1027 669 1184 717 Bacchi,

239 746 276 776 et
296 740 393 776 foliis
414 739 535 775 lentas
557 738 726 774 intexere
749 737 926 773 mollibus
949 736 1087 772 hastas.

291 805 388 840 Vitis
408 810 449 840 ut
469 803 667 840 arboribus
689 802 821 839 decori
843 808 910 847 est,
933 808 974 838 ut
993 801 1132 838 vitibus
1153 812 1261 846 uvae,

238 876 280 906 ut
299 869 477 917 gregibus
497 868 605 914 tauri,
628 874 778 916 segetes
799 874 840 903 ut
861 867 1066 915 pinguibus
1087 866 1195 911 arvis,

240 941 279 971 tu
302 933 423 970 decus
444 945 560 970 omne
581 933 654 969 tuis
674 934 679 969 ἒ
740 933 950 980 Postquam
970 938 1007 968 te
1029 931 1104 967 fata
1123 931 1301 976 tulerunt,

239 999 321 1048 ipsa
343 999 452 1035 Pales
473 1010 584 1046 agros
605 1004 719 1045 atque
741 997 822 1045 ipse
844 997 994 1044 reliquit
1014 995 1163 1044 Apollo.

240 1063 412 1101 Grandia
431 1075 547 1111 saepe
569 1062 707 1110 quibus
728 1061 996 1098 mandavimus
1017 1059 1163 1097 hordea
1183 1059 1308 1105 sulcis,

239 1129 368 1165 infelix
387 1129 520 1165 lolium
541 1134 579 1164 et
599 1127 744 1164 steriles
765 1133 974 1163 nascuntur
994 1137 1137 1162 avenae
1153 1139 1163 1172 3

238 1206 308 1242 pro
329 1193 433 1230 molli
454 1193 565 1238 viola,
587 1205 656 1241 pro
677 1204 872 1240 purpureo
893 1191 1075 1237 narcisso,

239 1257 405 1294 carduus
427 1264 465 1294 et
485 1257 604 1306 spinis
625 1257 743 1306 surgit
763 1257 929 1305 paliurus
951 1256 1084 1293 acutis.

293 1323 465 1372 Spargite
487 1323 648 1359 humum
669 1322 778 1368 foliis,
801 1321 973 1358 inducite
994 1320 1161 1357 sontibus
1182 1320 1348 1366 umbras,

238 1394 423 1437 pastores,
446 1386 605 1424 mandat
625 1387 706 1423 fieri
727 1387 798 1423 sibi
819 1386 907 1423 talia
927 1385 1102 1434 Daphnis
1119 1399 1128 1431 3

239 1459 276 1490 et
296 1453 487 1490 tumulum
508 1453 632 1498 facite,
656 1459 693 1488 et
712 1452 861 1488 tumulo
883 1449 1130 1499 superaddite
1152 1462 1332 1486 carmen:

239 1519 418 1555 DAPHNIS
447 1528 523 1554 EGO
552 1529 593 1553 IN
623 1528 737 1553 SILVIS
767 1528 862 1553 HINC
891 1527 1013 1559 VSQUE
1041 1527 1093 1551 AD
1123 1526 1261 1551 SIDERA
1289 1524 1412 1551 NOTVS

240 1594 436 1620 FORMONSI
466 1593 625 1619 PECORIs
655 1592 793 1618 cvs'ros
824 1591 1075 1617 FORMONSIOR
1105 1591 1195 1617 IPSE.

238 1648 318 1685 Me.
357 1647 450 1683 Tale
471 1653 580 1683 tuum
602 1658 758 1682 carmen
778 1646 901 1691 nobis,
924 1645 1051 1681 (livine
1072 1645 1201 1693 poeta,

239 1713 349 1761 quale
371 1725 488 1760 sopor
508 1712 614 1748 fessis
635 1712 675 1748 in
694 1711 879 1759 gramine⁷
901 1711 1012 1758 quale
1034 1722 1103 1758 per
1123 1716 1271 1746 aestum

239 1777 362 1814 dulcis
383 1789 505 1825 aquae
527 1777 685 1813 saliente
707 1776 807 1812 sitim
827 1776 1061 1823 restinguere
1082 1775 1162 1811 rivo
1180 1789 1186 1811 z

238 1855 312 1879 nec
333 1842 489 1878 calamis
511 1842 634 1878 solum
656 1841 893 1889 aequiparas,
915 1839 984 1877 sed
1004 1852 1100 1876 voce
1122 1839 1355 1888 magistrum.

245 1906 476 1957 [Fortunate
497 1919 604 1955 puer,
626 1913 666 1942 tu
687 1918 792 1942 nunc
813 1906 884 1942 eris
906 1905 998 1941 alter
1018 1905 1066 1941 ab
1086 1903 1183 1954 illo.]

239 1985 310 2009 nos
330 1978 460 2008 tamen
482 1971 579 2008 haec
600 1983 848 2019 quocumque
869 1969 989 2006 modo
1011 1969 1077 2006 tibi
1097 1975 1227 2005 nostra
1245 1968 1413 2004 vicissim

240 2037 427 2082 dicemus,
451 2036 728 2085 Daphnimque
749 2042 858 2072 tuum
880 2035 1057 2071 tollemus
1078 2032 1127 2069 ad
1148 2039 1247 2069 astra
1261 2046 1270 2079 3

240 2101 425 2150 Daphnin
446 2101 497 2138 ad
518 2108 616 2138 astra
636 2101 801 2137 feremus
820 2115 826 2136 :
859 2099 1000 2135 amavit
1020 2111 1089 2135 nos
1110 2109 1266 2145 quoque
1288 2096 1475 2146 Daphnis.

240 2167 323 2204 Μ).
363 2169 424 2203 An
444 2167 653 2214 quicquam
674 2166 785 2202 nobis
806 2165 869 2201 tali
891 2165 938 2201 sit
958 2175 1117 2201 munere
1138 2162 1288 2200 maius?

242 2233 291 2268 Et
310 2244 405 2280 puer
425 2232 506 2280 ipse
528 2232 597 2268 fuit
617 2231 761 2267 cantari
783 2230 932 2278 dignus,
956 2236 993 2265 et
1013 2229 1084 2265 ista

1486 165 1635 206 [BucoL.

1600 366 1636 394 25

1600 999 1637 1029 35

1600 1342 1638 1369 40

1600 1665 1637 1694 45

1601 1988 1638 2017 50

240 2297 315 2333 iam
337 2296 486 2345 pridem
507 2296 721 2333 Stimichon
741 2294 908 2332 laudavit
931 2294 1101 2331 carmina
1120 2293 1243 2330 nobis.
1601 2295 1637 2325 55

239 2362 321 2399 Me.
361 2361 562 2399 Candidus
583 2362 775 2398 insuetum
795 2360 951 2397 miratur
970 2360 1085 2396 limen
1109 2358 1277 2406 Olympi,

291 2447 319 2467 28
336 2448 487 2475 locuntur.
511 2447 547 2475 R.
607 2446 635 2466 38
651 2450 822 2483 purpurea.
845 2446 880 2475 R.
998 2445 1026 2464 39
1042 2445 1176 2472 caninos.
1201 2444 1236 2471 R.
1297 2442 1326 2462 42
1340 2446 1432 2478 super
1446 2441 1558 2469 addite.
1582 2441 1617 2468 R.

292 2496 320 2516 44
334 2497 478 2534 formosi.
503 2496 544 2525 H.
605 2495 633 2515 45
648 2496 733 2524 nobis
746 2504 879 2523 carmen.
903 2495 938 2522 R.
999 2494 1027 2513 49
1044 2493 1183 2521 omitted.
1207 2493 1243 2521 R.
1297 2491 1326 2511 52
1341 2491 1511 2527 Daphnim.
1535 2491 1571 2518 R.
