1690 2734
99 189 150 232 52
460 191 485 220 1.
528 178 616 219 lee
646 178 861 233 Landz'ng
891 179 937 219 z'n
967 179 1135 233 Africa.
1334 187 1494 228 [AENEm.

96 302 314 352 iustitiaque
338 302 446 340 dedit
465 303 589 352 gentis
609 303 756 340 frenare
778 303 974 352 superbas,

96 369 216 405 Troes
238 375 274 405 te
297 368 435 414 miseri,
455 368 578 404 ventis
600 367 719 404 maria
738 368 870 404 omnia
889 367 1002 413 vecti,

97 445 262 479 oramus,
284 433 444 481 prohibe
467 432 645 469 infandos
666 445 689 469 a
708 433 868 470 navibus
889 432 998 481 ignis,
1441 438 1497 468 525

97 509 212 546 parce
233 499 298 546 pio
319 499 461 547 generi,
484 483 700 547 et‘propius
720 510 779 535 res
800 498 930 546 aspice
951 504 1112 535 nostras.

99 563 190 600 Non
211 575 281 599 nos
303 570 366 600 aut
387 563 485 600 ferro
508 563 673 611 Libycos
695 563 880 611 populare
903 563 1063 600 Penatis?

97 628 283 674 venimus,
305 635 369 664 aut
390 635 515 676 raptas
537 628 585 665 ad
607 629 715 665 litora
735 635 880 665 vertere
902 627 1065 676 praedas
1082 641 1092 674 3

97 705 176 730 non
198 705 244 730 ea
263 694 316 730 vis
338 694 480 740 animo,
502 705 575 730 nec
596 699 703 730 tanta
723 693 901 741 superbia
920 693 1041 730 victis.

100 758 168 794 Est
188 758 308 803 locus,
334 759 566 806 Hesperiam
589 759 681 796 Grai
704 758 936 807 cognomine
959 757 1104 803 dicunt,
1443 763 1499 792 530

98 830 195 859 terra
215 824 383 871 antiqua,
405 830 544 872 potens
565 825 677 860 armis
699 830 814 871 atque
836 823 951 860 ubere
973 823 1131 871 glaebae
1148 836 1158 870 3

99 888 260 925 Oenotri
282 888 435 925 coluere
456 889 548 934 viri3
570 901 675 925 nunc
697 889 796 925 fama
818 888 984 925 minores

100 953 248 989 Italiam
270 952 408 989 dixisse
431 952 540 990 ducis
561 953 610 990 de
631 953 788 990 nomine
809 960 979 1002 gentem.

100 1019 178 1055 Hic
201 1031 331 1055 cursus
352 1018 443 1055 fuit:

100 1095 189 1120 cum
209 1083 335 1120 subito
355 1083 565 1131 adsurgens
586 1083 703 1120 fluctu
728 1083 926 1120 nimbosus
948 1083 1068 1121 Orion
1444 1087 1499 1117 535

99 1149 137 1185 in
157 1148 256 1185 vada
276 1161 393 1185 caeca
415 1149 510 1194 tulit,
532 1149 762 1196 penitusque
784 1149 1015 1197 procacibus
1036 1148 1169 1185 austris

99 1226 243 1263 perque
265 1213 400 1259 undas,
422 1222 626 1262 superante
650 1215 741 1259 salo,
763 1226 908 1262 perque
931 1214 1032 1250 invia
1051 1225 1142 1250 saxa

99 1279 254 1327 dispulit
270 1293 279 1325 3
303 1279 378 1315 liuc
400 1279 512 1327 pauci
534 1280 665 1315 vestris
688 1279 913 1315 adnavimus
935 1279 1021 1315 oris.

100 1344 218 1392 Quod
241 1356 362 1392 genus
384 1344 459 1381 hoc
481 1344 711 1381 hominum?
768 1344 926 1391 Quaeve
949 1344 1051 1380 hunc
1073 1350 1150 1380 tam
1171 1343 1331 1380 barbara
1351 1354 1499 1379 morem

101 1410 283 1459 permittit
305 1410 453 1458 patria?
510 1410 694 1457 Hospitio
717 1409 965 1457 prohibemur
986 1420 1124 1445 arenae
1140 1422 1150 1454 3
1444 1413 1501 1442 540

100 1475 199 1512 bella
221 1475 334 1520 cient,
356 1475 554 1523 primaque
577 1481 706 1511 vetant
728 1475 938 1511 consistere
960 1481 1068 1510 terra.

100 1542 136 1579 Si
158 1554 279 1590 genus
301 1541 512 1578 humanum
535 1548 572 1578 et
594 1541 767 1578 mortalia
789 1540 957 1577 temnitis
978 1552 1083 1576 arma

101 1614 137 1643 at
158 1614 306 1655 sperate
328 1607 424 1643 deos
446 1619 636 1643 memores
659 1605 764 1643 fandi
785 1613 900 1654 atque
922 1604 1090 1642 nefandi.

155 1676 163 1690 ⁴
182 1673 267 1709 Rex
288 1679 366 1708 erat
389 1673 540 1708 Aeneas
561 1671 685 1716 nobis,
709 1683 787 1719 quo
808 1671 939 1707 iustior
959 1671 1063 1715 alter,

100 1750 173 1774 nec
195 1738 336 1785 pietate
358 1737 438 1779 fuit,
461 1749 533 1773 nec
554 1736 655 1773 bello
678 1737 799 1772 maior
820 1742 858 1773 et
877 1736 1002 1772 armis.
1446 1738 1500 1767 545

102 1803 231 1850 Quem
253 1803 281 1838 si
304 1802 379 1838 sata
399 1802 520 1838 virum
542 1809 704 1845 servant,
729 1801 758 1837 si
779 1801 943 1837 vescitur
964 1812 1053 1836 aura

101 1868 280 1912 aetheria,
302 1881 429 1916 neque
451 1868 578 1905 adhuc
601 1867 818 1904 crudelibus
842 1866 1007 1903 occubat
1028 1864 1182 1909 umbris,

101 1946 179 1970 non
200 1940 350 1980 metus;
381 1934 510 1970 officio
532 1946 604 1969 nec
627 1939 664 1969 te
689 1939 854 1969 certasse
878 1931 1044 1979 priorem

102 2000 310 2047 poeniteat.
369 1999 463 2035 Sunt
485 2005 522 2034 et
543 1998 676 2035 Siculis
697 1997 917 2045 regionibus
940 1995 1052 2032 urbes

102 2075 279 2111 arvaque,
301 2064 548 2111 Troianoque
569 2075 591 2099 a
612 2062 796 2110 sanguine
819 2061 939 2097 clarus
963 2062 1133 2096 Acestes.
1444 2062 1500 2091 550

103 2129 333 2176 Quassatam
355 2129 477 2165 ventis
497 2128 611 2164 liceat
631 2127 848 2164 subducere
870 2126 1044 2170 classem,

102 2200 139 2230 et
160 2193 259 2230 silvis
280 2200 410 2241 aptare
432 2193 557 2230 trabes
578 2199 615 2229 et
636 2192 819 2239 stringere
840 2202 967 2227 remos
984 2204 991 2227 :

102 2258 131 2295 si
153 2257 264 2294 datur
285 2258 445 2302 Italiam,
468 2257 581 2294 sociis
603 2263 640 2294 et
660 2268 748 2305 rege
769 2262 940 2304 recepto,

102 2322 274 2367 tendere,
297 2330 335 2359 ut
359 2323 509 2359 Itiliam
530 2322 619 2358 laeti
642 2322 870 2369 Latiumque
892 2326 1069 2368 petamus
1085 2332 1095 2364 3

102 2388 161 2424 sin
181 2388 386 2435 absumpta
406 2387 516 2432 salus,
539 2393 576 2423 et
596 2393 645 2432 te,
669 2393 777 2434 pater
797 2392 956 2434 optume
977 2385 1184 2428 Teucrum,
1445 2385 1500 2414 555

101 2459 243 2501 pontus
264 2452 380 2489 habet
401 2452 557 2501 Lybiae,
579 2464 652 2488 nec
673 2463 760 2500 spes
781 2451 857 2488 iarn
877 2456 993 2487 restat
1015 2448 1099 2495 Iuli,
1218 2454 1221 2457 “

696 2536 739 2557 550
756 2547 854 2566 arma.
878 2537 914 2565 R.
