1690 2734
144 192 218 234 172
552 194 609 221 VI.
655 181 741 221 Tlce
772 181 932 221 Lower
964 182 1116 222 World.

136 307 219 355 ipsa
239 306 356 343 deum
376 317 524 355 poenas
545 304 691 351 docuit,
714 317 858 354 perque
879 305 1011 342 omnia
1030 304 1150 343 duxit.

137 372 305 409 Gnosius
327 371 425 408 haec
447 370 769 407 Rhadamanthus
791 370 919 414 habet,
941 370 1143 407 durissima
1162 383 1290 420 regna,

136 436 374 484 castigatque
397 435 581 484 auditque
604 435 728 481 dolos,
750 436 967 484 subigitque
989 435 1108 481 fateri,

136 514 234 550 quae
256 501 339 549 quis
361 500 465 548 apud
486 512 658 549 superos,
680 501 778 537 furto
799 501 959 537 laetatus
980 500 1097 546 inani,

136 566 279 603 distulit
300 566 339 602 in
360 578 484 602 seram
505 566 715 602 commissa
736 566 888 615 piacula
909 572 1086 603 mortem.

136 632 334 669 Continuo
356 638 486 668 sontes
508 631 618 667 ultrix
639 631 816 667 accincta
837 631 987 679 flagello

135 696 348 745 Tisiphone
370 697 492 744 quatit
512 696 709 741 insultans,
732 702 938 744 torvosque
961 696 1111 733 sinistra

137 763 329 798 intentans
351 773 497 809 angues
519 768 633 797 vocat
653 762 807 809 agmina
827 773 941 798 saeva
962 773 1148 798 sororum.

134 828 234 863 Tum
257 827 417 863 demum
439 827 639 863 horrisono
661 826 866 878 stridentes
888 826 1046 863 cardine
1068 838 1199 864 sacrae

136 892 358 941 panduntur
377 899 523 940 portae.
582 892 717 929 Cernis
738 891 915 928 custodia
935 892 1056 940 qualis

135 958 323 994 vestibulo
345 957 491 1001 sedeat,
513 957 630 994 facies
651 970 750 1005 quae
772 957 903 993 limina
923 958 1075 993 servet?

137 1023 427 1071 Quinquaginta
448 1023 535 1058 atris
557 1022 735 1059 immanis
757 1021 921 1059 hiatibus
945 1022 1082 1070 Hydra

135 1089 282 1125 saevior
302 1089 400 1125 intus
423 1088 538 1124 habet
559 1087 706 1124 sedem.
763 1088 866 1124 Tum
887 1088 1065 1124 Tartarus
1086 1088 1167 1135 ipse

134 1154 191 1191 bis
213 1160 318 1202 patet
340 1154 377 1190 in
398 1165 587 1201 praeceps
608 1159 757 1189 tantum
778 1153 980 1200 tenditque
1002 1153 1073 1189 sub
1095 1152 1262 1198 umbras,

135 1226 299 1267 quantus
321 1218 370 1254 ad
392 1218 606 1254 aetherium
628 1218 723 1253 caeli
745 1224 948 1266 suspectus
971 1218 1194 1265 Olympum.

136 1284 215 1320 Hic
235 1296 357 1332 genus
378 1284 576 1331 antiquum
597 1283 750 1327 'sen-ae,
772 1282 925 1319 Titania
945 1283 1079 1330 pubes,

134 1349 292 1386 fulmine
314 1348 457 1385 deiecti
477 1348 598 1384 fundo
620 1348 821 1384 volvuntur
842 1348 879 1384 in
901 1348 990 1384 imo.

191 1414 292 1450 ‘Hic
315 1421 351 1450 et
375 1413 530 1450 Aloidas
552 1413 727 1461 geminos
749 1413 932 1449 immania
952 1413 1029 1449 vidi

135 1492 308 1527 corpora,
331 1479 396 1526 qui
418 1479 593 1514 manibus
615 1490 797 1525 magnum
818 1477 1037 1514 rescindere
1059 1477 1210 1514 caelum

135 1544 317 1592 adgressi,
340 1544 562 1592 superisque
586 1544 720 1579 Iovem
742 1542 948 1579 detrudere
969 1543 1107 1591 regnis.

134 1609 224 1645 Vidi
246 1616 283 1645 et
303 1608 479 1645 crudeles
501 1608 659 1644 dantem
681 1608 885 1645 Salmonea
907 1620 1064 1656 poenas,

136 1674 228 1711 dum
250 1674 422 1710 flammas
445 1674 546 1710 Iovis
568 1680 605 1710 et
626 1673 774 1710 sonitus
797 1673 964 1709 imitatur
985 1673 1153 1721 Olympi.

137 1739 329 1787 Quattuor
349 1740 411 1775 hic
432 1740 607 1775 invectus
628 1739 736 1787 equis
758 1745 796 1775 et
816 1738 997 1786 lampada
1018 1750 1202 1786 quassans

134 1817 203 1853 per
224 1805 382 1841 Graium
403 1804 569 1852 populos
590 1803 819 1851 mediaeque
841 1816 909 1852 per
930 1803 1049 1839 Elidis
1070 1803 1204 1839 urbem

136 1870 214 1907 ibat
234 1882 364 1914 ovans,
387 1869 595 1917 divomque
617 1869 687 1905 sibi
708 1869 894 1917 poscebat
915 1868 1182 1911 honore1n‚-—

136 1935 310 1977 demens,
328 1935 392 1982 qui
414 1935 565 1970 nimbos
587 1941 623 1970 et
644 1946 723 1970 non
745 1934 927 1970 imitabile
949 1934 1091 1970 fulmen

136 2013 221 2037 aere
244 2007 281 2036 et
302 1999 556 2048 cornipedum
579 1999 689 2047 pulsu
710 1999 903 2035 simularet
925 2011 1125 2046 equorum.

136 2067 185 2102 At
205 2073 313 2114 pater
333 2065 580 2113 omnipotens
602 2064 722 2100 densa
743 2064 839 2100 inter
858 2064 989 2100 nubila
1008 2063 1126 2099 telum

134 2131 333 2176 contorsit,
355 2142 435 2166 non
456 2130 515 2165 ille
537 2129 640 2165 faces
660 2141 734 2165 nec
756 2129 884 2165 fumea
903 2128 1025 2165 taedis

137 2196 293 2238 lumina,
318 2195 648 2242 praecipitemque
669 2194 826 2230 immani
847 2194 996 2230 turbine
1017 2192 1158 2241 adegit.

139 2262 224 2297 Nec
247 2273 326 2296 non
348 2267 384 2295 et
404 2260 558 2307 Tityon,
579 2260 720 2295 Terrae
743 2258 1019 2307 omniparentis
1039 2258 1248 2301 alumnum,

138 2337 294 2361 cernere
316 2331 406 2369 erat,
429 2336 497 2372 per
518 2331 598 2360 tota
618 2336 758 2360 novem
780 2324 842 2360 cui
863 2324 990 2371 iugera
1010 2334 1150 2370 corpus

138 2389 352 2439 porrigitur,
373 2396 573 2436 rostroque
595 2388 772 2424 immanis
793 2388 916 2424 voltur
936 2388 1091 2424 obunco

138 2454 352 2491 immortale
374 2453 480 2489 iecur
500 2452 666 2489 tondens
689 2452 934 2500 fecundaque
957 2452 1093 2500 poenis

672 2537 713 2559 586
728 2538 903 2575 Suspected
916 2539 958 2576 by
975 2538 1010 2567 R.

1372 189 1532 231 [AENErn.

1482 306 1536 343 565

1482 639 1537 668 570

1480 962 1535 993 575

1480 1281 1538 1318 580

1482 1938 1540 1967 590

1484 2262 1537 2290 595
