<?xml version="1.0" encoding="UTF-8"?>
<!DOCTYPE html PUBLIC "-//W3C//DTD XHTML 1.0 Transitional//EN"
    "http://www.w3.org/TR/xhtml1/DTD/xhtml1-transitional.dtd">
<html xmlns="http://www.w3.org/1999/xhtml" xml:lang="en" lang="en">
 <head>
  <title>
</title>
<meta http-equiv="Content-Type" content="text/html;charset=utf-8" />
  <meta name='ocr-system' content='tesseract 3.04.00' />
  <meta name='ocr-capabilities' content='ocr_page ocr_carea ocr_par ocr_line ocrx_word'/>
</head>
<body>
  <div class='ocr_page' id='page_1' title='image "./bucolicaaeneisge00virguoft/bucolicaaeneisge00virguoft_0144.png"; bbox 0 0 1690 2734; ppageno 0'>
   <div class='ocr_carea' id='block_1_1' title="bbox 107 203 1173 258">
    <p class='ocr_par' dir='ltr' id='par_1_1' title="bbox 107 203 1173 258">
     <span class='ocr_line' id='line_1_1' title="bbox 107 203 1173 258; baseline 0.004 -17"><span class='ocrx_word' id='word_1_1' title='bbox 107 217 120 244; x_wconf 92' lang='lat'>1</span> <span class='ocrx_word' id='word_1_2' title='bbox 136 215 185 246; x_wconf 92' lang='lat'>10</span> <span class='ocrx_word' id='word_1_3' title='bbox 431 215 487 243; x_wconf 90' lang='lat' dir='ltr'>1V.</span> <span class='ocrx_word' id='word_1_4' title='bbox 523 203 768 256; x_wconf 71' lang='lat' dir='ltr'>Beparture</span> <span class='ocrx_word' id='word_1_5' title='bbox 792 205 918 257; x_wconf 69' lang='lat' dir='ltr'>from</span> <span class='ocrx_word' id='word_1_6' title='bbox 948 203 1173 258; x_wconf 71' lang='lat' dir='ltr'>Carthage.</span> 
     </span>
    </p>
   </div>
   <div class='ocr_carea' id='block_1_2' title="bbox 84 327 1241 2587">
    <p class='ocr_par' dir='ltr' id='par_1_2' title="bbox 100 327 1184 961">
     <span class='ocr_line' id='line_1_2' title="bbox 102 327 1155 377; baseline 0 -12"><span class='ocrx_word' id='word_1_7' title='bbox 102 328 176 365; x_wconf 86' lang='lat' dir='ltr'>His</span> <span class='ocrx_word' id='word_1_8' title='bbox 200 340 273 377; x_wconf 90' lang='lat' dir='ltr'>ego</span> <span class='ocrx_word' id='word_1_9' title='bbox 294 327 508 376; x_wconf 86' lang='lat' dir='ltr'>nigrantem</span> <span class='ocrx_word' id='word_1_10' title='bbox 529 327 740 364; x_wconf 86' lang='lat' dir='ltr'>commixta</span> <span class='ocrx_word' id='word_1_11' title='bbox 761 327 948 376; x_wconf 80' lang='lat' dir='ltr'>grandine</span> <span class='ocrx_word' id='word_1_12' title='bbox 969 328 1155 373; x_wconf 85' lang='lat' dir='ltr'>nimbum,</span> 
     </span>
     <span class='ocr_line' id='line_1_3' title="bbox 100 392 1139 442; baseline -0.001 -12"><span class='ocrx_word' id='word_1_13' title='bbox 100 394 194 430; x_wconf 89' lang='lat' dir='ltr'>dum</span> <span class='ocrx_word' id='word_1_14' title='bbox 215 392 409 441; x_wconf 86' lang='lat' dir='ltr'>trepidant</span> <span class='ocrx_word' id='word_1_15' title='bbox 429 392 523 437; x_wconf 85' lang='lat' dir='ltr'>alae,</span> <span class='ocrx_word' id='word_1_16' title='bbox 545 392 740 440; x_wconf 81' lang='lat' dir='ltr'>saltusque</span> <span class='ocrx_word' id='word_1_17' title='bbox 766 392 946 442; x_wconf 60' lang='lat' dir='ltr'>indagine</span> <span class='ocrx_word' id='word_1_18' title='bbox 969 394 1139 442; x_wconf 84' lang='lat' dir='ltr'>cingunt,</span> 
     </span>
     <span class='ocr_line' id='line_1_4' title="bbox 101 457 1184 506; baseline 0 -11"><span class='ocrx_word' id='word_1_19' title='bbox 101 459 269 506; x_wconf 82' lang='lat' dir='ltr'>desuper</span> <span class='ocrx_word' id='word_1_20' title='bbox 289 457 502 501; x_wconf 85' lang='lat' dir='ltr'>infundam,</span> <span class='ocrx_word' id='word_1_21' title='bbox 525 464 563 493; x_wconf 89' lang='lat' dir='ltr'>et</span> <span class='ocrx_word' id='word_1_22' title='bbox 582 457 724 494; x_wconf 83' lang='lat' dir='ltr'>tonitru</span> <span class='ocrx_word' id='word_1_23' title='bbox 748 459 899 495; x_wconf 88' lang='lat' dir='ltr'>caelum</span> <span class='ocrx_word' id='word_1_24' title='bbox 920 471 1036 495; x_wconf 91' lang='lat' dir='ltr'>omne</span> <span class='ocrx_word' id='word_1_25' title='bbox 1058 459 1184 496; x_wconf 89' lang='lat' dir='ltr'>ciebo.</span> 
     </span>
     <span class='ocr_line' id='line_1_5' title="bbox 102 523 1064 571; baseline -0.001 -10"><span class='ocrx_word' id='word_1_26' title='bbox 102 523 313 571; x_wconf 88' lang='lat' dir='ltr'>Diffugient</span> <span class='ocrx_word' id='word_1_27' title='bbox 334 523 497 559; x_wconf 83' lang='lat' dir='ltr'>comites</span> <span class='ocrx_word' id='word_1_28' title='bbox 522 529 560 558; x_wconf 90' lang='lat' dir='ltr'>et</span> <span class='ocrx_word' id='word_1_29' title='bbox 579 529 696 559; x_wconf 91' lang='lat' dir='ltr'>nocte</span> <span class='ocrx_word' id='word_1_30' title='bbox 718 529 895 570; x_wconf 88' lang='lat' dir='ltr'>tegentur</span> <span class='ocrx_word' id='word_1_31' title='bbox 915 536 1040 571; x_wconf 87' lang='lat' dir='ltr'>opaca</span> <span class='ocrx_word' id='word_1_32' title='bbox 1057 538 1064 560; x_wconf 73' lang='grc' dir='ltr'>ε</span> 
     </span>
     <span class='ocr_line' id='line_1_6' title="bbox 101 587 1014 638; baseline -0.003 -12"><span class='ocrx_word' id='word_1_33' title='bbox 101 590 328 638; x_wconf 78' lang='lat' dir='ltr'>speluncam</span> <span class='ocrx_word' id='word_1_34' title='bbox 350 587 456 624; x_wconf 89' lang='lat' dir='ltr'>Dido</span> <span class='ocrx_word' id='word_1_35' title='bbox 478 587 556 624; x_wconf 86' lang='lat' dir='ltr'>dux</span> <span class='ocrx_word' id='word_1_36' title='bbox 579 594 615 623; x_wconf 90' lang='lat' dir='ltr'>et</span> <span class='ocrx_word' id='word_1_37' title='bbox 637 588 825 624; x_wconf 85' lang='lat' dir='ltr'>Troianus</span> <span class='ocrx_word' id='word_1_38' title='bbox 848 587 1014 624; x_wconf 89' lang='lat' dir='ltr'>eandem</span> 
     </span>
     <span class='ocr_line' id='line_1_7' title="bbox 101 652 1155 699; baseline -0.002 -8"><span class='ocrx_word' id='word_1_39' title='bbox 101 654 334 699; x_wconf 66' lang='lat' dir='ltr'>devenientg</span> <span class='ocrx_word' id='word_1_40' title='bbox 365 652 496 697; x_wconf 86' lang='lat' dir='ltr'>adero,</span> <span class='ocrx_word' id='word_1_41' title='bbox 520 659 569 698; x_wconf 80' lang='lat' dir='ltr'>et,</span> <span class='ocrx_word' id='word_1_42' title='bbox 593 659 658 688; x_wconf 88' lang='lat' dir='ltr'>tua</span> <span class='ocrx_word' id='word_1_43' title='bbox 678 653 707 689; x_wconf 86' lang='lat' dir='ltr'>si</span> <span class='ocrx_word' id='word_1_44' title='bbox 730 652 822 688; x_wconf 86' lang='lat' dir='ltr'>mihi</span> <span class='ocrx_word' id='word_1_45' title='bbox 844 660 948 688; x_wconf 88' lang='lat' dir='ltr'>certa</span> <span class='ocrx_word' id='word_1_46' title='bbox 968 654 1155 699; x_wconf 88' lang='lat' dir='ltr'>voluntas,</span> 
     </span>
     <span class='ocr_line' id='line_1_8' title="bbox 107 717 1111 769; baseline -0.002 -13"><span class='ocrx_word' id='word_1_47' title='bbox 107 718 299 769; x_wconf 87' lang='lat' dir='ltr'>[conubio</span> <span class='ocrx_word' id='word_1_48' title='bbox 320 719 475 766; x_wconf 88' lang='lat' dir='ltr'>iungam</span> <span class='ocrx_word' id='word_1_49' title='bbox 496 718 620 754; x_wconf 87' lang='lat' dir='ltr'>stabili</span> <span class='ocrx_word' id='word_1_50' title='bbox 641 718 913 765; x_wconf 77' lang='lat' dir='ltr'>propriamque</span> <span class='ocrx_word' id='word_1_51' title='bbox 934 717 1111 768; x_wconf 73' lang='lat' dir='ltr'>dicabo]</span> 
     </span>
     <span class='ocr_line' id='line_1_9' title="bbox 100 782 1115 832; baseline -0.001 -12"><span class='ocrx_word' id='word_1_52' title='bbox 100 786 161 820; x_wconf 87' lang='lat' dir='ltr'>hic</span> <span class='ocrx_word' id='word_1_53' title='bbox 194 785 430 832; x_wconf 78' lang='lat' dir='ltr'>hymenaeus</span> <span class='ocrx_word' id='word_1_54' title='bbox 461 783 555 819; x_wconf 81' lang='lat' dir='ltr'>erit.’</span> <span class='ocrx_word' id='word_1_55' title='bbox 570 805 620 808; x_wconf 97' lang='lat'><strong>—</strong></span> <span class='ocrx_word' id='word_1_56' title='bbox 637 783 729 819; x_wconf 91' lang='lat' dir='ltr'>Non</span> <span class='ocrx_word' id='word_1_57' title='bbox 749 782 950 819; x_wconf 78' lang='lat' dir='ltr'>adversata</span> <span class='ocrx_word' id='word_1_58' title='bbox 968 783 1115 831; x_wconf 89' lang='lat' dir='ltr'>petenti</span> 
     </span>
     <span class='ocr_line' id='line_1_10' title="bbox 101 847 1006 896; baseline -0.001 -11"><span class='ocrx_word' id='word_1_59' title='bbox 101 849 247 894; x_wconf 78' lang='lat' dir='ltr'>adnuit,</span> <span class='ocrx_word' id='word_1_60' title='bbox 269 855 383 896; x_wconf 88' lang='lat' dir='ltr'>atque</span> <span class='ocrx_word' id='word_1_61' title='bbox 405 847 503 884; x_wconf 87' lang='lat' dir='ltr'>dolis</span> <span class='ocrx_word' id='word_1_62' title='bbox 524 848 603 884; x_wconf 89' lang='lat' dir='ltr'>risit</span> <span class='ocrx_word' id='word_1_63' title='bbox 624 847 816 896; x_wconf 76' lang='lat' dir='ltr'>Cytherea</span> <span class='ocrx_word' id='word_1_64' title='bbox 835 848 1006 895; x_wconf 87' lang='lat' dir='ltr'>repertis.</span> 
     </span>
     <span class='ocr_line' id='line_1_11' title="bbox 157 913 1059 961; baseline -0.003 -10"><span class='ocrx_word' id='word_1_65' title='bbox 157 915 360 952; x_wconf 88' lang='lat' dir='ltr'>Oceanum</span> <span class='ocrx_word' id='word_1_66' title='bbox 382 914 528 949; x_wconf 90' lang='lat' dir='ltr'>interea</span> <span class='ocrx_word' id='word_1_67' title='bbox 548 925 707 961; x_wconf 81' lang='lat' dir='ltr'>surgens</span> <span class='ocrx_word' id='word_1_68' title='bbox 729 915 876 949; x_wconf 87' lang='lat' dir='ltr'>Aurora</span> <span class='ocrx_word' id='word_1_69' title='bbox 896 913 1059 960; x_wconf 89' lang='lat' dir='ltr'>reliquit.</span> 
     </span>
    </p>

    <p class='ocr_par' dir='ltr' id='par_1_3' title="bbox 84 977 989 1028">
     <span class='ocr_line' id='line_1_12' title="bbox 84 977 989 1028; baseline -0.003 -12"><span class='ocrx_word' id='word_1_70' title='bbox 84 981 139 1016; x_wconf 84' lang='lat' dir='ltr'>-It</span> <span class='ocrx_word' id='word_1_71' title='bbox 158 980 277 1028; x_wconf 88' lang='lat' dir='ltr'>portis</span> <span class='ocrx_word' id='word_1_72' title='bbox 298 979 429 1015; x_wconf 91' lang='lat' dir='ltr'>iubare</span> <span class='ocrx_word' id='word_1_73' title='bbox 451 984 585 1014; x_wconf 84' lang='lat' dir='ltr'>exorto</span> <span class='ocrx_word' id='word_1_74' title='bbox 608 977 760 1013; x_wconf 85' lang='lat' dir='ltr'>delecta</span> <span class='ocrx_word' id='word_1_75' title='bbox 783 978 961 1013; x_wconf 86' lang='lat' dir='ltr'>iuventus</span> <span class='ocrx_word' id='word_1_76' title='bbox 979 991 989 1023; x_wconf 76' lang='lat'><em>3</em></span> 
     </span>
    </p>

    <p class='ocr_par' dir='ltr' id='par_1_4' title="bbox 101 1043 924 1092">
     <span class='ocr_line' id='line_1_13' title="bbox 101 1043 924 1092; baseline -0.004 -11"><span class='ocrx_word' id='word_1_77' title='bbox 101 1045 195 1081; x_wconf 89' lang='lat' dir='ltr'>retia</span> <span class='ocrx_word' id='word_1_78' title='bbox 215 1057 307 1089; x_wconf 89' lang='lat' dir='ltr'>rara,</span> <span class='ocrx_word' id='word_1_79' title='bbox 328 1044 476 1092; x_wconf 83' lang='lat' dir='ltr'>plagae,</span> <span class='ocrx_word' id='word_1_80' title='bbox 502 1043 578 1079; x_wconf 91' lang='lat' dir='ltr'>lato</span> <span class='ocrx_word' id='word_1_81' title='bbox 601 1043 792 1079; x_wconf 89' lang='lat' dir='ltr'>venabula</span> <span class='ocrx_word' id='word_1_82' title='bbox 814 1043 924 1088; x_wconf 83' lang='lat' dir='ltr'>ferro,</span> 
     </span>
    </p>

    <p class='ocr_par' dir='ltr' id='par_1_5' title="bbox 103 1106 1160 1613">
     <span class='ocr_line' id='line_1_14' title="bbox 104 1106 1096 1163; baseline -0.002 -16"><span class='ocrx_word' id='word_1_83' title='bbox 104 1110 338 1158; x_wconf 78' lang='lat' dir='ltr'>Massylique</span> <span class='ocrx_word' id='word_1_84' title='bbox 360 1116 473 1145; x_wconf 85' lang='lat' dir='ltr'>ruunt</span> <span class='ocrx_word' id='word_1_85' title='bbox 494 1108 643 1155; x_wconf 86' lang='lat' dir='ltr'>equites</span> <span class='ocrx_word' id='word_1_86' title='bbox 666 1114 702 1143; x_wconf 90' lang='lat' dir='ltr'>et</span> <span class='ocrx_word' id='word_1_87' title='bbox 724 1106 846 1163; x_wconf 68' lang='lat' dir='ltr'>odora</span> <span class='ocrx_word' id='word_1_88' title='bbox 868 1120 1008 1144; x_wconf 91' lang='lat' dir='ltr'>canum</span> <span class='ocrx_word' id='word_1_89' title='bbox 1028 1109 1096 1145; x_wconf 89' lang='lat' dir='ltr'>vis.</span> 
     </span>
     <span class='ocr_line' id='line_1_15' title="bbox 104 1168 1114 1223; baseline -0.003 -12"><span class='ocrx_word' id='word_1_90' title='bbox 104 1175 297 1223; x_wconf 80' lang='lat' dir='ltr'>Reginam</span> <span class='ocrx_word' id='word_1_91' title='bbox 318 1174 487 1210; x_wconf 86' lang='lat' dir='ltr'>thalamo</span> <span class='ocrx_word' id='word_1_92' title='bbox 509 1168 772 1209; x_wconf 49' lang='lat' dir='ltr'>cunctantem*</span> <span class='ocrx_word' id='word_1_93' title='bbox 781 1172 831 1209; x_wconf 88' lang='lat' dir='ltr'>ad</span> <span class='ocrx_word' id='word_1_94' title='bbox 851 1173 983 1209; x_wconf 88' lang='lat' dir='ltr'>limina</span> <span class='ocrx_word' id='word_1_95' title='bbox 1004 1174 1114 1221; x_wconf 85' lang='lat' dir='ltr'>primi</span> 
     </span>
     <span class='ocr_line' id='line_1_16' title="bbox 105 1238 1141 1287; baseline -0.002 -10"><span class='ocrx_word' id='word_1_96' title='bbox 105 1242 324 1277; x_wconf 89' lang='lat' dir='ltr'>Poenorum</span> <span class='ocrx_word' id='word_1_97' title='bbox 346 1245 584 1287; x_wconf 85' lang='lat' dir='ltr'>exspectant,</span> <span class='ocrx_word' id='word_1_98' title='bbox 608 1244 789 1285; x_wconf 89' lang='lat' dir='ltr'>ostroque</span> <span class='ocrx_word' id='word_1_99' title='bbox 812 1238 969 1286; x_wconf 84' lang='lat' dir='ltr'>insignis</span> <span class='ocrx_word' id='word_1_100' title='bbox 991 1245 1028 1274; x_wconf 89' lang='lat' dir='ltr'>et</span> <span class='ocrx_word' id='word_1_101' title='bbox 1049 1251 1141 1275; x_wconf 86' lang='lat' dir='ltr'>auro</span> 
     </span>
     <span class='ocr_line' id='line_1_17' title="bbox 104 1303 1108 1353; baseline -0.002 -11"><span class='ocrx_word' id='word_1_102' title='bbox 104 1312 177 1343; x_wconf 84' lang='lat' dir='ltr'>stat</span> <span class='ocrx_word' id='word_1_103' title='bbox 198 1305 364 1353; x_wconf 86' lang='lat' dir='ltr'>sonipes,</span> <span class='ocrx_word' id='word_1_104' title='bbox 386 1316 433 1340; x_wconf 93' lang='lat' dir='ltr'>ac</span> <span class='ocrx_word' id='word_1_105' title='bbox 454 1304 561 1340; x_wconf 88' lang='lat' dir='ltr'>frena</span> <span class='ocrx_word' id='word_1_106' title='bbox 581 1304 688 1339; x_wconf 80' lang='lat' dir='ltr'>ferox</span> <span class='ocrx_word' id='word_1_107' title='bbox 709 1303 928 1351; x_wconf 83' lang='lat' dir='ltr'>spumantia</span> <span class='ocrx_word' id='word_1_108' title='bbox 949 1303 1108 1340; x_wconf 87' lang='lat' dir='ltr'>mandit.</span> 
     </span>
     <span class='ocr_line' id='line_1_18' title="bbox 103 1368 1092 1418; baseline -0.003 -11"><span class='ocrx_word' id='word_1_109' title='bbox 103 1370 282 1407; x_wconf 86' lang='lat' dir='ltr'>Tandem</span> <span class='ocrx_word' id='word_1_110' title='bbox 303 1368 557 1418; x_wconf 79' lang='lat' dir='ltr'>progreditur,</span> <span class='ocrx_word' id='word_1_111' title='bbox 581 1381 720 1416; x_wconf 85' lang='lat' dir='ltr'>magna</span> <span class='ocrx_word' id='word_1_112' title='bbox 741 1368 905 1416; x_wconf 87' lang='lat' dir='ltr'>stipante</span> <span class='ocrx_word' id='word_1_113' title='bbox 928 1375 1092 1413; x_wconf 82' lang='lat' dir='ltr'>caterva,</span> 
     </span>
     <span class='ocr_line' id='line_1_19' title="bbox 105 1433 1114 1482; baseline -0.002 -10"><span class='ocrx_word' id='word_1_114' title='bbox 105 1435 304 1473; x_wconf 77' lang='lat' dir='ltr'>Sidoniam</span> <span class='ocrx_word' id='word_1_115' title='bbox 325 1434 431 1482; x_wconf 86' lang='lat' dir='ltr'>picto</span> <span class='ocrx_word' id='word_1_116' title='bbox 453 1433 698 1481; x_wconf 87' lang='lat' dir='ltr'>chlamydem</span> <span class='ocrx_word' id='word_1_117' title='bbox 722 1433 962 1469; x_wconf 85' lang='lat' dir='ltr'>circumdata</span> <span class='ocrx_word' id='word_1_118' title='bbox 983 1433 1114 1470; x_wconf 87' lang='lat' dir='ltr'>limbo.</span> 
     </span>
     <span class='ocr_line' id='line_1_20' title="bbox 105 1497 1160 1548; baseline -0.004 -11"><span class='ocrx_word' id='word_1_119' title='bbox 105 1500 178 1538; x_wconf 92' lang='lat' dir='ltr'>Cui</span> <span class='ocrx_word' id='word_1_120' title='bbox 200 1500 377 1548; x_wconf 86' lang='lat' dir='ltr'>pharetra</span> <span class='ocrx_word' id='word_1_121' title='bbox 397 1512 444 1535; x_wconf 84' lang='lat' dir='ltr'>ex</span> <span class='ocrx_word' id='word_1_122' title='bbox 467 1511 571 1543; x_wconf 90' lang='lat' dir='ltr'>auro,</span> <span class='ocrx_word' id='word_1_123' title='bbox 595 1499 719 1534; x_wconf 87' lang='lat' dir='ltr'>crines</span> <span class='ocrx_word' id='word_1_124' title='bbox 740 1497 935 1534; x_wconf 89' lang='lat' dir='ltr'>nodantur</span> <span class='ocrx_word' id='word_1_125' title='bbox 955 1498 993 1533; x_wconf 91' lang='lat' dir='ltr'>in</span> <span class='ocrx_word' id='word_1_126' title='bbox 1014 1511 1160 1543; x_wconf 84' lang='lat' dir='ltr'>aurum,</span> 
     </span>
     <span class='ocr_line' id='line_1_21' title="bbox 106 1563 1005 1613; baseline -0.003 -11"><span class='ocrx_word' id='word_1_127' title='bbox 106 1578 220 1602; x_wconf 90' lang='lat' dir='ltr'>aurea</span> <span class='ocrx_word' id='word_1_128' title='bbox 239 1577 476 1613; x_wconf 85' lang='lat' dir='ltr'>purpuream</span> <span class='ocrx_word' id='word_1_129' title='bbox 497 1564 689 1600; x_wconf 86' lang='lat' dir='ltr'>subnectit</span> <span class='ocrx_word' id='word_1_130' title='bbox 710 1563 827 1600; x_wconf 86' lang='lat' dir='ltr'>fibula</span> <span class='ocrx_word' id='word_1_131' title='bbox 847 1570 1005 1599; x_wconf 86' lang='lat' dir='ltr'>vestem.</span> 
     </span>
    </p>

    <p class='ocr_par' dir='ltr' id='par_1_6' title="bbox 102 1629 1241 2587">
     <span class='ocr_line' id='line_1_22' title="bbox 107 1629 1037 1678; baseline -0.003 -11"><span class='ocrx_word' id='word_1_132' title='bbox 107 1631 193 1667; x_wconf 93' lang='lat' dir='ltr'>Nec</span> <span class='ocrx_word' id='word_1_133' title='bbox 213 1643 293 1666; x_wconf 89' lang='lat' dir='ltr'>non</span> <span class='ocrx_word' id='word_1_134' title='bbox 315 1637 353 1666; x_wconf 88' lang='lat' dir='ltr'>et</span> <span class='ocrx_word' id='word_1_135' title='bbox 374 1630 525 1678; x_wconf 85' lang='lat' dir='ltr'>Phrygii</span> <span class='ocrx_word' id='word_1_136' title='bbox 546 1630 708 1665; x_wconf 88' lang='lat' dir='ltr'>comites</span> <span class='ocrx_word' id='word_1_137' title='bbox 730 1635 768 1664; x_wconf 89' lang='lat' dir='ltr'>et</span> <span class='ocrx_word' id='word_1_138' title='bbox 788 1629 909 1664; x_wconf 84' lang='lat' dir='ltr'>laetus</span> <span class='ocrx_word' id='word_1_139' title='bbox 934 1629 1037 1664; x_wconf 87' lang='lat' dir='ltr'>Iulus</span> 
     </span>
     <span class='ocr_line' id='line_1_23' title="bbox 106 1693 1125 1742; baseline -0.003 -10"><span class='ocrx_word' id='word_1_140' title='bbox 106 1695 304 1732; x_wconf 88' lang='lat' dir='ltr'>incedunt.</span> <span class='ocrx_word' id='word_1_141' title='bbox 365 1696 453 1742; x_wconf 82' lang='lat' dir='ltr'>Ipse</span> <span class='ocrx_word' id='word_1_142' title='bbox 474 1701 562 1730; x_wconf 88' lang='lat' dir='ltr'>ante</span> <span class='ocrx_word' id='word_1_143' title='bbox 584 1694 676 1730; x_wconf 88' lang='lat' dir='ltr'>alios</span> <span class='ocrx_word' id='word_1_144' title='bbox 698 1693 978 1742; x_wconf 84' lang='lat' dir='ltr'>pulcherrimus</span> <span class='ocrx_word' id='word_1_145' title='bbox 1000 1694 1125 1730; x_wconf 86' lang='lat' dir='ltr'>omnis</span> 
     </span>
     <span class='ocr_line' id='line_1_24' title="bbox 108 1759 1084 1806; baseline -0.003 -9"><span class='ocrx_word' id='word_1_146' title='bbox 108 1761 217 1797; x_wconf 88' lang='lat' dir='ltr'>infert</span> <span class='ocrx_word' id='word_1_147' title='bbox 238 1773 277 1796; x_wconf 81' lang='lat' dir='ltr'>se</span> <span class='ocrx_word' id='word_1_148' title='bbox 299 1760 449 1796; x_wconf 85' lang='lat' dir='ltr'>socium</span> <span class='ocrx_word' id='word_1_149' title='bbox 470 1761 620 1795; x_wconf 85' lang='lat' dir='ltr'>Aeneas</span> <span class='ocrx_word' id='word_1_150' title='bbox 641 1766 756 1806; x_wconf 87' lang='lat' dir='ltr'>atque</span> <span class='ocrx_word' id='word_1_151' title='bbox 778 1759 932 1806; x_wconf 81' lang='lat' dir='ltr'>agmina</span> <span class='ocrx_word' id='word_1_152' title='bbox 953 1759 1084 1806; x_wconf 83' lang='lat' dir='ltr'>iungit.</span> 
     </span>
     <span class='ocr_line' id='line_1_25' title="bbox 108 1823 1136 1874; baseline -0.004 -12"><span class='ocrx_word' id='word_1_153' title='bbox 108 1826 239 1874; x_wconf 87' lang='lat' dir='ltr'>Qualis</span> <span class='ocrx_word' id='word_1_154' title='bbox 260 1825 325 1861; x_wconf 89' lang='lat' dir='ltr'>ubi</span> <span class='ocrx_word' id='word_1_155' title='bbox 346 1825 547 1861; x_wconf 88' lang='lat' dir='ltr'>hibernam</span> <span class='ocrx_word' id='word_1_156' title='bbox 570 1825 728 1872; x_wconf 86' lang='lat' dir='ltr'>Lyciam</span> <span class='ocrx_word' id='word_1_157' title='bbox 749 1823 972 1870; x_wconf 83' lang='lat' dir='ltr'>Xanthique</span> <span class='ocrx_word' id='word_1_158' title='bbox 994 1823 1136 1859; x_wconf 89' lang='lat' dir='ltr'>fluenta</span> 
     </span>
     <span class='ocr_line' id='line_1_26' title="bbox 108 1889 1034 1935; baseline -0.004 -8"><span class='ocrx_word' id='word_1_159' title='bbox 108 1891 248 1927; x_wconf 88' lang='lat' dir='ltr'>deserit</span> <span class='ocrx_word' id='word_1_160' title='bbox 270 1903 315 1926; x_wconf 88' lang='lat' dir='ltr'>ac</span> <span class='ocrx_word' id='word_1_161' title='bbox 337 1890 480 1926; x_wconf 88' lang='lat' dir='ltr'>Delum</span> <span class='ocrx_word' id='word_1_162' title='bbox 501 1895 713 1925; x_wconf 87' lang='lat' dir='ltr'>maternam</span> <span class='ocrx_word' id='word_1_163' title='bbox 736 1889 861 1924; x_wconf 84' lang='lat' dir='ltr'>invisit</span> <span class='ocrx_word' id='word_1_164' title='bbox 883 1889 1034 1935; x_wconf 63' lang='lat' dir='ltr'>Apollo,</span> 
     </span>
     <span class='ocr_line' id='line_1_27' title="bbox 107 1954 1065 2003; baseline -0.004 -11"><span class='ocrx_word' id='word_1_165' title='bbox 107 1957 366 2003; x_wconf 86' lang='lat' dir='ltr'>instauratque</span> <span class='ocrx_word' id='word_1_166' title='bbox 388 1955 539 1999; x_wconf 85' lang='lat' dir='ltr'>choros,</span> <span class='ocrx_word' id='word_1_167' title='bbox 563 1954 747 2001; x_wconf 75' lang='lat' dir='ltr'>mixtique</span> <span class='ocrx_word' id='word_1_168' title='bbox 771 1954 899 1989; x_wconf 81' lang='lat' dir='ltr'>altaria</span> <span class='ocrx_word' id='word_1_169' title='bbox 921 1954 1065 1989; x_wconf 84' lang='lat' dir='ltr'>circum</span> 
     </span>
     <span class='ocr_line' id='line_1_28' title="bbox 102 2018 1228 2068; baseline -0.004 -11"><span class='ocrx_word' id='word_1_170' title='bbox 102 2022 321 2068; x_wconf 80' lang='lat' dir='ltr'>&#39;Cretesque</span> <span class='ocrx_word' id='word_1_171' title='bbox 344 2021 600 2067; x_wconf 89' lang='lat' dir='ltr'>Dryopesque</span> <span class='ocrx_word' id='word_1_172' title='bbox 622 2019 790 2054; x_wconf 84' lang='lat' dir='ltr'>fremunt</span> <span class='ocrx_word' id='word_1_173' title='bbox 810 2018 981 2066; x_wconf 85' lang='lat' dir='ltr'>pictique</span> <span class='ocrx_word' id='word_1_174' title='bbox 1003 2018 1228 2065; x_wconf 80' lang='lat' dir='ltr'>Agathyrsi3</span> 
     </span>
     <span class='ocr_line' id='line_1_29' title="bbox 108 2083 1078 2134; baseline -0.004 -12"><span class='ocrx_word' id='word_1_175' title='bbox 108 2087 189 2134; x_wconf 90' lang='lat' dir='ltr'>ipse</span> <span class='ocrx_word' id='word_1_176' title='bbox 211 2085 305 2133; x_wconf 86' lang='lat' dir='ltr'>iugis</span> <span class='ocrx_word' id='word_1_177' title='bbox 328 2084 470 2133; x_wconf 85' lang='lat' dir='ltr'>Cynthi</span> <span class='ocrx_word' id='word_1_178' title='bbox 490 2083 670 2132; x_wconf 83' lang='lat' dir='ltr'>graditur,</span> <span class='ocrx_word' id='word_1_179' title='bbox 693 2084 875 2131; x_wconf 89' lang='lat' dir='ltr'>mollique</span> <span class='ocrx_word' id='word_1_180' title='bbox 895 2083 1078 2118; x_wconf 81' lang='lat' dir='ltr'>fluentem</span> 
     </span>
     <span class='ocr_line' id='line_1_30' title="bbox 108 2140 1213 2198; baseline -0.005 -10"><span class='ocrx_word' id='word_1_181' title='bbox 108 2140 245 2188; x_wconf 88' lang='lat' dir='ltr'>fronde</span> <span class='ocrx_word' id='word_1_182' title='bbox 267 2150 405 2198; x_wconf 83' lang='lat' dir='ltr'>premit</span> <span class='ocrx_word' id='word_1_183' title='bbox 426 2150 571 2185; x_wconf 88' lang='lat' dir='ltr'>crinem</span> <span class='ocrx_word' id='word_1_184' title='bbox 593 2149 740 2196; x_wconf 84' lang='lat' dir='ltr'>fingens</span> <span class='ocrx_word' id='word_1_185' title='bbox 762 2155 877 2195; x_wconf 89' lang='lat' dir='ltr'>atque</span> <span class='ocrx_word' id='word_1_186' title='bbox 900 2148 1072 2195; x_wconf 86' lang='lat' dir='ltr'>implicat</span> <span class='ocrx_word' id='word_1_187' title='bbox 1094 2160 1186 2184; x_wconf 92' lang='lat' dir='ltr'>auro</span> <span class='ocrx_word' id='word_1_188' title='bbox 1203 2162 1213 2194; x_wconf 77' lang='lat'><em>3</em></span> 
     </span>
     <span class='ocr_line' id='line_1_31' title="bbox 108 2213 1051 2261; baseline -0.004 -9"><span class='ocrx_word' id='word_1_189' title='bbox 108 2216 183 2252; x_wconf 86' lang='lat' dir='ltr'>tela</span> <span class='ocrx_word' id='word_1_190' title='bbox 217 2222 355 2251; x_wconf 86' lang='lat' dir='ltr'>sonant</span> <span class='ocrx_word' id='word_1_191' title='bbox 391 2214 530 2251; x_wconf 89' lang='lat' dir='ltr'>umeris</span> <span class='ocrx_word' id='word_1_192' title='bbox 549 2228 555 2251; x_wconf 75' lang='grc' dir='ltr'>ε</span> <span class='ocrx_word' id='word_1_193' title='bbox 587 2214 692 2250; x_wconf 84' lang='lat' dir='ltr'>haud</span> <span class='ocrx_word' id='word_1_194' title='bbox 714 2214 776 2250; x_wconf 92' lang='lat' dir='ltr'>illo</span> <span class='ocrx_word' id='word_1_195' title='bbox 798 2213 952 2261; x_wconf 86' lang='lat' dir='ltr'>segnior</span> <span class='ocrx_word' id='word_1_196' title='bbox 972 2213 1051 2249; x_wconf 91' lang='lat' dir='ltr'>ibat</span> 
     </span>
     <span class='ocr_line' id='line_1_32' title="bbox 110 2279 1024 2327; baseline -0.003 -10"><span class='ocrx_word' id='word_1_197' title='bbox 110 2283 286 2326; x_wconf 78' lang='lat' dir='ltr'>Aeneas3</span> <span class='ocrx_word' id='word_1_198' title='bbox 318 2286 466 2316; x_wconf 85' lang='lat' dir='ltr'>tantum</span> <span class='ocrx_word' id='word_1_199' title='bbox 488 2280 642 2327; x_wconf 83' lang='lat' dir='ltr'>egregio</span> <span class='ocrx_word' id='word_1_200' title='bbox 664 2279 783 2315; x_wconf 86' lang='lat' dir='ltr'>decus</span> <span class='ocrx_word' id='word_1_201' title='bbox 806 2279 926 2314; x_wconf 88' lang='lat' dir='ltr'>enitet</span> <span class='ocrx_word' id='word_1_202' title='bbox 947 2290 1024 2314; x_wconf 89' lang='lat' dir='ltr'>ore.</span> 
     </span>
     <span class='ocr_line' id='line_1_33' title="bbox 111 2343 1241 2393; baseline -0.004 -11"><span class='ocrx_word' id='word_1_203' title='bbox 111 2347 319 2393; x_wconf 90' lang='lat' dir='ltr'>Postquam</span> <span class='ocrx_word' id='word_1_204' title='bbox 341 2345 437 2381; x_wconf 88' lang='lat' dir='ltr'>altos</span> <span class='ocrx_word' id='word_1_205' title='bbox 458 2352 614 2380; x_wconf 91' lang='lat' dir='ltr'>ventum</span> <span class='ocrx_word' id='word_1_206' title='bbox 637 2345 675 2380; x_wconf 91' lang='lat' dir='ltr'>in</span> <span class='ocrx_word' id='word_1_207' title='bbox 695 2344 835 2379; x_wconf 88' lang='lat' dir='ltr'>montis</span> <span class='ocrx_word' id='word_1_208' title='bbox 858 2350 972 2390; x_wconf 91' lang='lat' dir='ltr'>atque</span> <span class='ocrx_word' id='word_1_209' title='bbox 995 2343 1096 2379; x_wconf 89' lang='lat' dir='ltr'>invia</span> <span class='ocrx_word' id='word_1_210' title='bbox 1116 2343 1241 2389; x_wconf 84' lang='lat' dir='ltr'>lustra,</span> 
     </span>
     <span class='ocr_line' id='line_1_34' title="bbox 111 2409 974 2456; baseline -0.003 -9"><span class='ocrx_word' id='word_1_211' title='bbox 111 2423 204 2447; x_wconf 90' lang='lat' dir='ltr'>ecce</span> <span class='ocrx_word' id='word_1_212' title='bbox 226 2411 338 2455; x_wconf 87' lang='lat' dir='ltr'>ferae,</span> <span class='ocrx_word' id='word_1_213' title='bbox 362 2409 441 2446; x_wconf 80' lang='lat' dir='ltr'>saxi</span> <span class='ocrx_word' id='word_1_214' title='bbox 462 2409 637 2445; x_wconf 87' lang='lat' dir='ltr'>deiectae</span> <span class='ocrx_word' id='word_1_215' title='bbox 658 2409 812 2453; x_wconf 87' lang='lat' dir='ltr'>vertice,</span> <span class='ocrx_word' id='word_1_216' title='bbox 836 2420 974 2456; x_wconf 87' lang='lat' dir='ltr'>caprae</span> 
     </span>
     <span class='ocr_line' id='line_1_35' title="bbox 111 2473 947 2523; baseline -0.005 -10"><span class='ocrx_word' id='word_1_217' title='bbox 111 2476 313 2513; x_wconf 89' lang='lat' dir='ltr'>decurrere</span> <span class='ocrx_word' id='word_1_218' title='bbox 335 2475 432 2523; x_wconf 91' lang='lat' dir='ltr'>iugis</span> <span class='ocrx_word' id='word_1_219' title='bbox 448 2488 458 2521; x_wconf 78' lang='lat'>,-</span> <span class='ocrx_word' id='word_1_220' title='bbox 489 2475 562 2510; x_wconf 87' lang='lat' dir='ltr'>alia</span> <span class='ocrx_word' id='word_1_221' title='bbox 581 2473 630 2510; x_wconf 94' lang='lat' dir='ltr'>de</span> <span class='ocrx_word' id='word_1_222' title='bbox 651 2480 758 2522; x_wconf 88' lang='lat' dir='ltr'>parte</span> <span class='ocrx_word' id='word_1_223' title='bbox 780 2473 947 2522; x_wconf 90' lang='lat' dir='ltr'>patentis</span> 
     </span>
     <span class='ocr_line' id='line_1_36' title="bbox 111 2538 1113 2587; baseline -0.005 -9"><span class='ocrx_word' id='word_1_224' title='bbox 111 2541 368 2578; x_wconf 81' lang='lat' dir='ltr'>transmittunt</span> <span class='ocrx_word' id='word_1_225' title='bbox 390 2552 500 2576; x_wconf 83' lang='lat' dir='ltr'>cursu</span> <span class='ocrx_word' id='word_1_226' title='bbox 523 2551 682 2587; x_wconf 87' lang='lat' dir='ltr'>campos</span> <span class='ocrx_word' id='word_1_227' title='bbox 703 2545 817 2586; x_wconf 88' lang='lat' dir='ltr'>atque</span> <span class='ocrx_word' id='word_1_228' title='bbox 838 2538 992 2586; x_wconf 84' lang='lat' dir='ltr'>agmina</span> <span class='ocrx_word' id='word_1_229' title='bbox 1012 2538 1113 2574; x_wconf 88' lang='lat' dir='ltr'>cervi</span> 
     </span>
    </p>
   </div>
   <div class='ocr_carea' id='block_1_3' title="bbox 1344 213 1504 253">
    <p class='ocr_par' dir='ltr' id='par_1_7' title="bbox 1344 213 1504 253">
     <span class='ocr_line' id='line_1_37' title="bbox 1344 213 1504 253; baseline -0.006 -9"><span class='ocrx_word' id='word_1_230' title='bbox 1344 213 1504 253; x_wconf 80' lang='lat' dir='ltr'>[AENEm.</span> 
     </span>
    </p>
   </div>
   <div class='ocr_carea' id='block_1_4' title="bbox 1453 337 1507 356">
    <p class='ocr_par' dir='ltr' id='par_1_8' title="bbox 1453 337 1507 356">
     <span class='ocr_line' id='line_1_38' title="bbox 1453 337 1507 356; baseline 0 0"><span class='ocrx_word' id='word_1_231' title='bbox 1453 337 1507 356; x_wconf 88' lang='lat'>120</span> 
     </span>
    </p>
   </div>
   <div class='ocr_carea' id='block_1_5' title="bbox 1455 660 1507 689">
    <p class='ocr_par' dir='ltr' id='par_1_9' title="bbox 1455 660 1507 689">
     <span class='ocr_line' id='line_1_39' title="bbox 1455 660 1507 689; baseline -0.019 -9"><span class='ocrx_word' id='word_1_232' title='bbox 1455 660 1507 689; x_wconf 79' lang='lat'>125</span> 
     </span>
    </p>
   </div>
   <div class='ocr_carea' id='block_1_6' title="bbox 1457 984 1509 1013">
    <p class='ocr_par' dir='ltr' id='par_1_10' title="bbox 1457 984 1509 1013">
     <span class='ocr_line' id='line_1_40' title="bbox 1457 984 1509 1013; baseline 0 -9"><span class='ocrx_word' id='word_1_233' title='bbox 1457 984 1509 1013; x_wconf 84' lang='lat'>130</span> 
     </span>
    </p>
   </div>
   <div class='ocr_carea' id='block_1_7' title="bbox 1457 1309 1508 1338">
    <p class='ocr_par' dir='ltr' id='par_1_11' title="bbox 1457 1309 1508 1338">
     <span class='ocr_line' id='line_1_41' title="bbox 1457 1309 1508 1338; baseline 0 0"><span class='ocrx_word' id='word_1_234' title='bbox 1457 1309 1508 1338; x_wconf 82' lang='lat'>135</span> 
     </span>
    </p>
   </div>
   <div class='ocr_carea' id='block_1_8' title="bbox 1456 1635 1509 1663">
    <p class='ocr_par' dir='ltr' id='par_1_12' title="bbox 1456 1635 1509 1663">
     <span class='ocr_line' id='line_1_42' title="bbox 1456 1635 1509 1663; baseline 0.019 -9"><span class='ocrx_word' id='word_1_235' title='bbox 1456 1635 1509 1663; x_wconf 82' lang='lat'>140</span> 
     </span>
    </p>
   </div>
   <div class='ocr_carea' id='block_1_9' title="bbox 1456 1960 1507 1988">
    <p class='ocr_par' dir='ltr' id='par_1_13' title="bbox 1456 1960 1507 1988">
     <span class='ocr_line' id='line_1_43' title="bbox 1456 1960 1507 1988; baseline 0 0"><span class='ocrx_word' id='word_1_236' title='bbox 1456 1960 1507 1988; x_wconf 82' lang='lat'>145</span> 
     </span>
    </p>
   </div>
   <div class='ocr_carea' id='block_1_10' title="bbox 1457 2284 1510 2312">
    <p class='ocr_par' dir='ltr' id='par_1_14' title="bbox 1457 2284 1510 2312">
     <span class='ocr_line' id='line_1_44' title="bbox 1457 2284 1510 2312; baseline -0.019 -8"><span class='ocrx_word' id='word_1_237' title='bbox 1457 2284 1510 2312; x_wconf 89' lang='lat'>150</span> 
     </span>
    </p>
   </div>
  </div>
 </body>
</html>
