1690 2734
171 135 187 162 1
197 133 251 174 50
750 135 790 163 V.
829 123 977 175 Sicily.

165 245 271 283 defer
292 247 328 282 in
355 247 502 283 Italiam
521 261 529 292 3
559 259 652 294 gens
674 246 768 282 dura
788 253 902 293 atque
924 257 1058 293 aspera
1078 245 1180 281 cultu

164 311 397 348 debellanda
419 311 486 347 tibi
509 311 619 347 Latio
639 318 707 347 est.
768 311 866 347 Ditis
887 317 1017 347 tamen
1033 317 1121 346 ante

163 376 327 412 infernas
350 375 496 412 accede
519 375 670 421 domos,
693 382 730 411 et
751 377 902 411 Averna
922 387 989 423 per
1009 375 1084 411 alta

163 453 391 489 congressus
411 448 513 489 pete,
538 447 639 486 nate,
662 452 782 476 meos.
843 440 934 476 Non
954 452 1015 476 me
1037 440 1155 488 impia
1174 452 1342 488 namque

161 507 318 542 Tartara
338 507 493 551 liabent,
519 506 640 542 tristes
662 505 833 550 umbrae,
856 504 925 541 sed
946 517 1112 541 amoena
1130 505 1281 552 piorum

161 572 326 608 concilia
348 572 598 619 Elysiumque
623 570 721 606 colo.
782 570 875 606 Huc
896 576 1002 605 casta
1022 569 1161 617 Sibylla

160 636 351 683 nigrarum
372 636 492 672 multo
514 635 713 684 pecudum
735 641 773 671 te
794 635 978 682 sanguine
1000 634 1141 670 ducet:

159 708 240 737 tum
261 713 381 748 genus
403 713 518 737 omne
539 707 660 745 tuum,
679 707 718 736 et
738 711 836 748 quae
859 699 998 735 dentur
1018 699 1182 744 moenia,
1205 699 1342 736 disces.

159 765 321 813 Iamque
342 767 425 802 vale
443 780 450 802 :
483 772 636 813 torquet
660 764 812 801 medios
835 765 925 800 Nox
947 763 1106 800 humida
1126 776 1268 808 cursus,

158 836 195 866 et
216 842 434 875 meisaevus
456 832 563 878 equis
586 831 724 867 Oriens
746 829 899 866 adflavit
921 829 1093 866 anhelis.’

158 895 329 940 Dixerat,
352 902 389 932 et
409 896 532 932 tenuis
554 896 660 943 fugit,
686 907 757 931 ceu
781 895 919 940 fumus,
941 895 979 931 in
1000 907 1120 931 auras.

158 961 319 1005 Aeneas,
343 963 351 978 ‘
367 961 458 1008 Quo
480 960 623 997 deinde
645 961 731 1005 ruis,
755 972 833 1008 quo
854 960 1065 1012 pror—ipis?
1087 960 1221 1007 inquit,

157 1028 165 1043 ‘
181 1025 308 1072 Quem
330 1026 438 1073 fugis,
461 1032 525 1062 aut
546 1026 630 1073 quis
652 1032 688 1062 te
713 1025 851 1062 nostris
874 1025 1141 1077 complexibus
1160 1026 1314 1061 arcet?'

156 1091 271 1127 Haec
294 1102 512 1127 memorans
534 1091 704 1127 cinerem
729 1097 767 1127 et
788 1091 934 1139 sopitos
956 1090 1113 1127 suscitat
1133 1090 1252 1138 ignes,

156 1156 487 1204 Pergameumque
511 1157 648 1192 Larem
669 1162 707 1192 et
729 1168 850 1192 canae
872 1156 1082 1204 penetralia
1101 1156 1242 1192 Vestae

153 1220 248 1261 farre
270 1221 334 1268 pio
356 1228 393 1257 et
413 1221 528 1269 plena
548 1221 710 1269 supplex
733 1228 935 1257 veneratur
956 1233 1097 1268 acerra.

208 1286 413 1334 Extemplo
435 1287 563 1323 socios
588 1287 832 1334 primumque
857 1286 1014 1323 arcessit
1033 1287 1213 1331 Acesten,

124 1368 127 1369 ⁷
152 1357 190 1386 et
212 1351 312 1387 Iovis
333 1351 537 1399 imperium
558 1358 596 1388 et
616 1352 692 1388 cari
715 1358 924 1400 praecepta
945 1352 1112 1399 parentis

152 1415 305 1461 edocet,
327 1423 364 1453 et
386 1428 485 1464 quae
506 1429 609 1453 nunc
631 1417 761 1453 animo
786 1417 976 1453 sententia
997 1423 1158 1453 constet.

154 1481 272 1517 Haud
294 1494 402 1518 mora
422 1482 602 1527 consiliis,
624 1494 698 1518 nec
723 1482 823 1518 iussa
843 1488 994 1518 recusat
1015 1484 1186 1518 Acestes.

149 1546 426 1583 Transcribunt
446 1547 527 1584 urbi
549 1553 700 1592 matres,
725 1547 990 1594 populumque
1012 1547 1205 1583 volentem

150 1610 365 1658 deponunt,
387 1612 536 1648 animos
556 1612 607 1648 nil
631 1624 793 1659 magnae
815 1612 936 1648 laudis
958 1619 1127 1660 egentes.

150 1676 229 1724 Ipsi
249 1683 410 1713 transtra
430 1684 586 1730 novant,
609 1677 847 1725 flammisque
870 1678 1027 1729 ambesa
1046 1684 1238 1725 reponunt

147 1741 287 1777 robora
308 1742 476 1790 navigiis,
499 1749 631 1791 aptant
658 1755 863 1792 remosque
884 1743 1160 1791 rudentesque,

148 1806 274 1854 exigui
297 1820 470 1852 numero,
492 1808 561 1844 sed
583 1808 684 1844 bello
709 1809 835 1845 vivida
854 1809 981 1845 virtus.

148 1871 300 1908 Interea
321 1874 471 1909 Aeneas
494 1873 626 1910 urbem
651 1873 826 1923 designat
848 1881 970 1910 aratro

147 1937 375 1984 sortiturque
397 1937 536 1975 domos
556 1953 564 1984 3
596 1939 670 1975 hoc
698 1941 810 1977 Ilium
832 1947 868 1977 et
889 1941 985 1978 haec
1006 1941 1092 1978 loca
1111 1941 1267 1978 Troiam

146 2013 229 2038 esse
252 2003 368 2039 iubet.
427 2003 582 2040 Gaudet
605 2018 723 2053 regno
744 2006 932 2043 Troianus
955 2008 1126 2053 Acestes,

144 2066 359 2120 indicitque
381 2068 504 2104 forum
528 2076 565 2104 et
590 2071 758 2117 patribus
784 2071 848 2107 dat
870 2071 948 2107 iura
967 2072 1125 2108 vocatis.

144 2131 244 2167 Tum
266 2133 390 2170 vicina
411 2137 529 2179 astris,
558 2138 725 2185 Erycino
747 2137 783 2173 in
805 2137 946 2173 vertice
968 2136 1080 2174 sedes

143 2196 322 2233 fundatur
342 2200 482 2237 Veneri
509 2202 665 2246 Idaliae,
690 2202 914 2249 tumuloque
937 2201 1119 2239 sacerdos

142 2273 188 2297 ac
208 2262 314 2299 lucus
335 2264 410 2301 late
433 2278 542 2303 sacer
563 2266 715 2303 additur
739 2267 945 2303 Anchiseo.

197 2330 359 2378 Iamque
381 2330 463 2368 dies
487 2332 640 2379 epulata
661 2343 799 2367 novem
822 2343 916 2378 gens
937 2331 1074 2375 omnis,
1097 2338 1135 2367 et
1154 2331 1225 2367 aris

141 2395 262 2431 factus
284 2395 408 2432 honos
426 2409 432 2431 :
467 2395 607 2443 placidi
631 2402 842 2431 straverunt
861 2407 1029 2443 aequora
1049 2395 1163 2440 venti,

392 2480 431 2501 731
449 2484 493 2508 est
506 2481 604 2509 Latro.
629 2481 663 2509 R.
972 2480 1014 2501 734
1030 2481 1177 2509 tristesve.
1200 2481 1290 2517 Vulg.

1381 152 1388 158 .
1402 128 1562 170 [AENEID.

1508 253 1564 281 730

1506 576 1560 605 735

1502 903 1559 930 740

1498 1228 1554 1258 745

1494 1554 1552 1583 750

1491 1881 1546 1910 755
