<?xml version="1.0" encoding="UTF-8"?>
<!DOCTYPE html PUBLIC "-//W3C//DTD XHTML 1.0 Transitional//EN"
    "http://www.w3.org/TR/xhtml1/DTD/xhtml1-transitional.dtd">
<html xmlns="http://www.w3.org/1999/xhtml" xml:lang="en" lang="en">
 <head>
  <title>
</title>
<meta http-equiv="Content-Type" content="text/html;charset=utf-8" />
  <meta name='ocr-system' content='tesseract 3.04.00' />
  <meta name='ocr-capabilities' content='ocr_page ocr_carea ocr_par ocr_line ocrx_word'/>
</head>
<body>
  <div class='ocr_page' id='page_1' title='image "./bucolicaaeneisge00virguoft/bucolicaaeneisge00virguoft_0085.png"; bbox 0 0 1690 2734; ppageno 0'>
   <div class='ocr_carea' id='block_1_1' title="bbox 152 194 1214 248">
    <p class='ocr_par' dir='ltr' id='par_1_1' title="bbox 152 194 1214 248">
     <span class='ocr_line' id='line_1_1' title="bbox 152 194 1214 248; baseline 0.001 -14"><span class='ocrx_word' id='word_1_1' title='bbox 152 204 177 234; x_wconf 92' lang='grc' dir='ltr'>Ι.</span> <span class='ocrx_word' id='word_1_2' title='bbox 198 203 288 245; x_wconf 68' lang='lat'><strong>522]</strong></span> <span class='ocrx_word' id='word_1_3' title='bbox 491 195 531 234; x_wconf 83' lang='lat' dir='ltr'><em>T</em></span> <span class='ocrx_word' id='word_1_4' title='bbox 525 195 579 235; x_wconf 70' lang='lat' dir='ltr'>lte</span> <span class='ocrx_word' id='word_1_5' title='bbox 608 195 825 235; x_wconf 68' lang='lat' dir='ltr'>Pz&#39;ctm‘ed</span> <span class='ocrx_word' id='word_1_6' title='bbox 853 194 983 247; x_wconf 70' lang='lat' dir='ltr'>Story</span> <span class='ocrx_word' id='word_1_7' title='bbox 1015 196 1068 248; x_wconf 86' lang='lat' dir='ltr'>os</span> <span class='ocrx_word' id='word_1_8' title='bbox 1097 194 1214 248; x_wconf 78' lang='lat' dir='ltr'><em>Troy.</em></span> 
     </span>
    </p>
   </div>
   <div class='ocr_carea' id='block_1_2' title="bbox 144 318 1305 2516">
    <p class='ocr_par' dir='ltr' id='par_1_2' title="bbox 153 318 1014 368">
     <span class='ocr_line' id='line_1_2' title="bbox 153 318 1014 368; baseline -0.003 -11"><span class='ocrx_word' id='word_1_9' title='bbox 153 321 333 368; x_wconf 88' lang='lat' dir='ltr'>ansque</span> <span class='ocrx_word' id='word_1_10' title='bbox 354 318 456 355; x_wconf 87' lang='lat' dir='ltr'>acies</span> <span class='ocrx_word' id='word_1_11' title='bbox 477 324 515 355; x_wconf 90' lang='lat' dir='ltr'>et</span> <span class='ocrx_word' id='word_1_12' title='bbox 535 318 631 366; x_wconf 84' lang='lat' dir='ltr'>nigri</span> <span class='ocrx_word' id='word_1_13' title='bbox 652 318 876 355; x_wconf 85' lang='lat' dir='ltr'>Memnonis</span> <span class='ocrx_word' id='word_1_14' title='bbox 897 330 1014 355; x_wconf 89' lang='lat' dir='ltr'>arma.</span> 
     </span>
    </p>

    <p class='ocr_par' dir='ltr' id='par_1_3' title="bbox 149 383 1166 626">
     <span class='ocr_line' id='line_1_3' title="bbox 153 383 1040 431; baseline -0.003 -9"><span class='ocrx_word' id='word_1_15' title='bbox 153 386 271 422; x_wconf 85' lang='lat' dir='ltr'>Ducit</span> <span class='ocrx_word' id='word_1_16' title='bbox 290 383 572 422; x_wconf 84' lang='lat' dir='ltr'>Amazonidum</span> <span class='ocrx_word' id='word_1_17' title='bbox 595 383 732 419; x_wconf 88' lang='lat' dir='ltr'>lunatis</span> <span class='ocrx_word' id='word_1_18' title='bbox 754 383 909 431; x_wconf 79' lang='lat' dir='ltr'>agmina</span> <span class='ocrx_word' id='word_1_19' title='bbox 929 383 1040 431; x_wconf 90' lang='lat' dir='ltr'>peltis</span> 
     </span>
     <span class='ocr_line' id='line_1_4' title="bbox 152 447 1166 495; baseline -0.002 -8"><span class='ocrx_word' id='word_1_20' title='bbox 152 449 395 487; x_wconf 83' lang='lat' dir='ltr'>Penthesilea</span> <span class='ocrx_word' id='word_1_21' title='bbox 415 449 553 494; x_wconf 82' lang='lat' dir='ltr'>furens,</span> <span class='ocrx_word' id='word_1_22' title='bbox 577 447 790 495; x_wconf 84' lang='lat' dir='ltr'>mediisque</span> <span class='ocrx_word' id='word_1_23' title='bbox 813 448 851 484; x_wconf 90' lang='lat' dir='ltr'>in</span> <span class='ocrx_word' id='word_1_24' title='bbox 872 447 1024 484; x_wconf 90' lang='lat' dir='ltr'>milibus</span> <span class='ocrx_word' id='word_1_25' title='bbox 1045 447 1166 494; x_wconf 87' lang='lat' dir='ltr'>ardet,</span> 
     </span>
     <span class='ocr_line' id='line_1_5' title="bbox 149 511 1113 561; baseline -0.002 -9"><span class='ocrx_word' id='word_1_26' title='bbox 149 527 264 552; x_wconf 88' lang='lat' dir='ltr'>aurea</span> <span class='ocrx_word' id='word_1_27' title='bbox 284 515 518 552; x_wconf 84' lang='lat' dir='ltr'>subnectens</span> <span class='ocrx_word' id='word_1_28' title='bbox 540 520 711 550; x_wconf 76' lang='lat' dir='ltr'>exsertae</span> <span class='ocrx_word' id='word_1_29' title='bbox 733 512 887 561; x_wconf 89' lang='lat' dir='ltr'>cingula</span> <span class='ocrx_word' id='word_1_30' title='bbox 908 511 1113 559; x_wconf 83' lang='lat' dir='ltr'>mammae,</span> 
     </span>
     <span class='ocr_line' id='line_1_6' title="bbox 149 578 1046 626; baseline -0.002 -10"><span class='ocrx_word' id='word_1_31' title='bbox 149 580 332 625; x_wconf 80' lang='lat' dir='ltr'>bellatrix,</span> <span class='ocrx_word' id='word_1_32' title='bbox 354 578 548 626; x_wconf 84' lang='lat' dir='ltr'>audetque</span> <span class='ocrx_word' id='word_1_33' title='bbox 569 578 655 614; x_wconf 87' lang='lat' dir='ltr'>viris</span> <span class='ocrx_word' id='word_1_34' title='bbox 677 590 907 614; x_wconf 91' lang='lat' dir='ltr'>concurrere</span> <span class='ocrx_word' id='word_1_35' title='bbox 929 578 1046 626; x_wconf 86' lang='lat' dir='ltr'>virgo.</span> 
     </span>
    </p>

    <p class='ocr_par' dir='ltr' id='par_1_4' title="bbox 148 642 1237 887">
     <span class='ocr_line' id='line_1_7' title="bbox 205 642 1237 689; baseline -0.001 -8"><span class='ocrx_word' id='word_1_36' title='bbox 205 646 317 681; x_wconf 87' lang='lat' dir='ltr'>Haec</span> <span class='ocrx_word' id='word_1_37' title='bbox 338 643 431 680; x_wconf 92' lang='lat' dir='ltr'>dum</span> <span class='ocrx_word' id='word_1_38' title='bbox 453 642 651 680; x_wconf 88' lang='lat' dir='ltr'>Dardanio</span> <span class='ocrx_word' id='word_1_39' title='bbox 672 644 828 680; x_wconf 90' lang='lat' dir='ltr'>Aeneae</span> <span class='ocrx_word' id='word_1_40' title='bbox 851 642 1028 679; x_wconf 87' lang='lat' dir='ltr'>miranda</span> <span class='ocrx_word' id='word_1_41' title='bbox 1048 642 1237 689; x_wconf 86' lang='lat' dir='ltr'>videntur,</span> 
     </span>
     <span class='ocr_line' id='line_1_8' title="bbox 149 707 1133 757; baseline -0.002 -11"><span class='ocrx_word' id='word_1_42' title='bbox 149 710 242 746; x_wconf 82' lang='lat' dir='ltr'>dum</span> <span class='ocrx_word' id='word_1_43' title='bbox 264 716 402 757; x_wconf 89' lang='lat' dir='ltr'>stupet,</span> <span class='ocrx_word' id='word_1_44' title='bbox 424 709 637 756; x_wconf 89' lang='lat' dir='ltr'>obtutuque</span> <span class='ocrx_word' id='word_1_45' title='bbox 660 708 792 744; x_wconf 85' lang='lat' dir='ltr'>haeret</span> <span class='ocrx_word' id='word_1_46' title='bbox 812 707 961 744; x_wconf 85' lang='lat' dir='ltr'>defixus</span> <span class='ocrx_word' id='word_1_47' title='bbox 984 709 1021 744; x_wconf 89' lang='lat' dir='ltr'>in</span> <span class='ocrx_word' id='word_1_48' title='bbox 1042 720 1133 754; x_wconf 82' lang='lat' dir='ltr'>uno,</span> 
     </span>
     <span class='ocr_line' id='line_1_9' title="bbox 148 773 1134 823; baseline -0.002 -12"><span class='ocrx_word' id='word_1_49' title='bbox 148 776 280 823; x_wconf 86' lang='lat' dir='ltr'>regina</span> <span class='ocrx_word' id='word_1_50' title='bbox 300 774 349 811; x_wconf 89' lang='lat' dir='ltr'>ad</span> <span class='ocrx_word' id='word_1_51' title='bbox 370 774 571 822; x_wconf 90' lang='lat' dir='ltr'>templum,</span> <span class='ocrx_word' id='word_1_52' title='bbox 593 773 716 809; x_wconf 91' lang='lat' dir='ltr'>forma</span> <span class='ocrx_word' id='word_1_53' title='bbox 735 773 993 821; x_wconf 90' lang='lat' dir='ltr'>pulcherrima</span> <span class='ocrx_word' id='word_1_54' title='bbox 1016 773 1134 819; x_wconf 87' lang='lat' dir='ltr'>Dido,</span> 
     </span>
     <span class='ocr_line' id='line_1_10' title="bbox 148 839 1039 887; baseline -0.002 -11"><span class='ocrx_word' id='word_1_55' title='bbox 148 841 304 877; x_wconf 84' lang='lat' dir='ltr'>incessit</span> <span class='ocrx_word' id='word_1_56' title='bbox 324 851 464 887; x_wconf 85' lang='lat' dir='ltr'>magna</span> <span class='ocrx_word' id='word_1_57' title='bbox 484 839 665 875; x_wconf 88' lang='lat' dir='ltr'>iuvenum</span> <span class='ocrx_word' id='word_1_58' title='bbox 687 839 852 886; x_wconf 82' lang='lat' dir='ltr'>stipante</span> <span class='ocrx_word' id='word_1_59' title='bbox 875 846 1039 875; x_wconf 80' lang='lat' dir='ltr'>caterva.</span> 
     </span>
    </p>

    <p class='ocr_par' dir='ltr' id='par_1_5' title="bbox 148 904 1090 1017">
     <span class='ocr_line' id='line_1_11' title="bbox 149 904 1090 953; baseline -0.002 -11"><span class='ocrx_word' id='word_1_60' title='bbox 149 906 282 953; x_wconf 86' lang='lat' dir='ltr'>Qualis</span> <span class='ocrx_word' id='word_1_61' title='bbox 303 905 341 941; x_wconf 91' lang='lat' dir='ltr'>in</span> <span class='ocrx_word' id='word_1_62' title='bbox 364 906 532 941; x_wconf 84' lang='lat' dir='ltr'>Eurotae</span> <span class='ocrx_word' id='word_1_63' title='bbox 553 905 642 952; x_wconf 80' lang='lat' dir='ltr'>ripis</span> <span class='ocrx_word' id='word_1_64' title='bbox 664 912 729 941; x_wconf 90' lang='lat' dir='ltr'>aut</span> <span class='ocrx_word' id='word_1_65' title='bbox 749 917 818 953; x_wconf 93' lang='lat' dir='ltr'>per</span> <span class='ocrx_word' id='word_1_66' title='bbox 838 905 925 953; x_wconf 90' lang='lat' dir='ltr'>iuga</span> <span class='ocrx_word' id='word_1_67' title='bbox 946 904 1090 953; x_wconf 84' lang='lat' dir='ltr'>Cynthi</span> 
     </span>
     <span class='ocr_line' id='line_1_12' title="bbox 148 969 1062 1017; baseline -0.001 -10"><span class='ocrx_word' id='word_1_68' title='bbox 148 977 302 1007; x_wconf 83' lang='lat' dir='ltr'>exercet</span> <span class='ocrx_word' id='word_1_69' title='bbox 324 970 451 1007; x_wconf 88' lang='lat' dir='ltr'>Diana</span> <span class='ocrx_word' id='word_1_70' title='bbox 472 969 624 1015; x_wconf 90' lang='lat' dir='ltr'>choros,</span> <span class='ocrx_word' id='word_1_71' title='bbox 646 981 762 1017; x_wconf 87' lang='lat' dir='ltr'>quam</span> <span class='ocrx_word' id='word_1_72' title='bbox 783 970 885 1006; x_wconf 91' lang='lat' dir='ltr'>mille</span> <span class='ocrx_word' id='word_1_73' title='bbox 907 976 1062 1006; x_wconf 86' lang='lat' dir='ltr'>secutae</span> 
     </span>
    </p>

    <p class='ocr_par' dir='ltr' id='par_1_6' title="bbox 147 1034 1305 1213">
     <span class='ocr_line' id='line_1_13' title="bbox 147 1034 1305 1083; baseline -0.001 -11"><span class='ocrx_word' id='word_1_74' title='bbox 147 1036 237 1072; x_wconf 89' lang='lat' dir='ltr'>hinc</span> <span class='ocrx_word' id='word_1_75' title='bbox 258 1042 372 1083; x_wconf 91' lang='lat' dir='ltr'>atque</span> <span class='ocrx_word' id='word_1_76' title='bbox 394 1035 483 1071; x_wconf 90' lang='lat' dir='ltr'>hinc</span> <span class='ocrx_word' id='word_1_77' title='bbox 505 1035 766 1082; x_wconf 87' lang='lat' dir='ltr'>glomerantur</span> <span class='ocrx_word' id='word_1_78' title='bbox 785 1034 947 1071; x_wconf 87' lang='lat' dir='ltr'>oreades</span> <span class='ocrx_word' id='word_1_79' title='bbox 965 1048 972 1077; x_wconf 82' lang='lat'>;</span> <span class='ocrx_word' id='word_1_80' title='bbox 1005 1035 1066 1071; x_wconf 86' lang='lat' dir='ltr'>illa</span> <span class='ocrx_word' id='word_1_81' title='bbox 1087 1035 1305 1083; x_wconf 85' lang='lat' dir='ltr'>pharetram</span> 
     </span>
     <span class='ocr_line' id='line_1_14' title="bbox 149 1099 1262 1148; baseline 0.001 -12"><span class='ocrx_word' id='word_1_82' title='bbox 149 1101 219 1136; x_wconf 89' lang='lat' dir='ltr'>fert</span> <span class='ocrx_word' id='word_1_83' title='bbox 254 1113 401 1141; x_wconf 80' lang='lat' dir='ltr'>umero,</span> <span class='ocrx_word' id='word_1_84' title='bbox 435 1099 691 1148; x_wconf 83' lang='lat' dir='ltr'>gradiensque</span> <span class='ocrx_word' id='word_1_85' title='bbox 713 1099 806 1137; x_wconf 82' lang='lat' dir='ltr'>deas</span> <span class='ocrx_word' id='word_1_86' title='bbox 828 1101 1089 1148; x_wconf 88' lang='lat' dir='ltr'>supereminet</span> <span class='ocrx_word' id='word_1_87' title='bbox 1111 1101 1237 1137; x_wconf 86' lang='lat' dir='ltr'>omnis</span> <span class='ocrx_word' id='word_1_88' title='bbox 1256 1115 1262 1137; x_wconf 84' lang='lat' dir='ltr'>z</span> 
     </span>
     <span class='ocr_line' id='line_1_15' title="bbox 149 1165 1125 1213; baseline 0 -12"><span class='ocrx_word' id='word_1_89' title='bbox 149 1167 320 1202; x_wconf 83' lang='lat' dir='ltr'>Latonae</span> <span class='ocrx_word' id='word_1_90' title='bbox 341 1166 500 1201; x_wconf 88' lang='lat' dir='ltr'>tacitum</span> <span class='ocrx_word' id='word_1_91' title='bbox 520 1171 783 1213; x_wconf 87' lang='lat' dir='ltr'>pertemptant</span> <span class='ocrx_word' id='word_1_92' title='bbox 803 1165 943 1213; x_wconf 91' lang='lat' dir='ltr'>gaudia</span> <span class='ocrx_word' id='word_1_93' title='bbox 964 1172 1100 1213; x_wconf 86' lang='lat' dir='ltr'>pectus</span> <span class='ocrx_word' id='word_1_94' title='bbox 1119 1180 1125 1202; x_wconf 73' lang='grc' dir='ltr'><em>ι</em></span> 
     </span>
    </p>

    <p class='ocr_par' dir='ltr' id='par_1_7' title="bbox 150 1230 958 1275">
     <span class='ocr_line' id='line_1_16' title="bbox 150 1230 958 1275; baseline 0 -8"><span class='ocrx_word' id='word_1_95' title='bbox 150 1231 233 1267; x_wconf 89' lang='lat' dir='ltr'>talis</span> <span class='ocrx_word' id='word_1_96' title='bbox 254 1237 333 1267; x_wconf 90' lang='lat' dir='ltr'>erat</span> <span class='ocrx_word' id='word_1_97' title='bbox 357 1230 474 1275; x_wconf 86' lang='lat' dir='ltr'>Dido,</span> <span class='ocrx_word' id='word_1_98' title='bbox 495 1230 610 1266; x_wconf 87' lang='lat' dir='ltr'>talem</span> <span class='ocrx_word' id='word_1_99' title='bbox 631 1242 671 1266; x_wconf 91' lang='lat' dir='ltr'>se</span> <span class='ocrx_word' id='word_1_100' title='bbox 693 1230 792 1266; x_wconf 85' lang='lat' dir='ltr'>laeta</span> <span class='ocrx_word' id='word_1_101' title='bbox 812 1230 958 1267; x_wconf 87' lang='lat' dir='ltr'>ferebat</span> 
     </span>
    </p>

    <p class='ocr_par' dir='ltr' id='par_1_8' title="bbox 149 1295 1079 1344">
     <span class='ocr_line' id='line_1_17' title="bbox 149 1295 1079 1344; baseline 0 -13"><span class='ocrx_word' id='word_1_102' title='bbox 149 1308 217 1344; x_wconf 85' lang='lat' dir='ltr'>per</span> <span class='ocrx_word' id='word_1_103' title='bbox 237 1295 399 1340; x_wconf 89' lang='lat' dir='ltr'>medios,</span> <span class='ocrx_word' id='word_1_104' title='bbox 421 1296 564 1331; x_wconf 87' lang='lat' dir='ltr'>instans</span> <span class='ocrx_word' id='word_1_105' title='bbox 585 1296 690 1343; x_wconf 90' lang='lat' dir='ltr'>operi</span> <span class='ocrx_word' id='word_1_106' title='bbox 711 1296 915 1343; x_wconf 83' lang='lat' dir='ltr'>regnisque</span> <span class='ocrx_word' id='word_1_107' title='bbox 936 1295 1079 1332; x_wconf 87' lang='lat' dir='ltr'>futuris.</span> 
     </span>
    </p>

    <p class='ocr_par' dir='ltr' id='par_1_9' title="bbox 146 1360 1086 1409">
     <span class='ocr_line' id='line_1_18' title="bbox 146 1360 1086 1409; baseline 0 -13"><span class='ocrx_word' id='word_1_108' title='bbox 146 1362 245 1397; x_wconf 91' lang='lat' dir='ltr'>Tum</span> <span class='ocrx_word' id='word_1_109' title='bbox 267 1361 408 1397; x_wconf 89' lang='lat' dir='ltr'>foribus</span> <span class='ocrx_word' id='word_1_110' title='bbox 430 1360 553 1406; x_wconf 82' lang='lat' dir='ltr'>divae,</span> <span class='ocrx_word' id='word_1_111' title='bbox 574 1360 704 1396; x_wconf 91' lang='lat' dir='ltr'>media</span> <span class='ocrx_word' id='word_1_112' title='bbox 724 1360 918 1397; x_wconf 84' lang='lat' dir='ltr'>testudine</span> <span class='ocrx_word' id='word_1_113' title='bbox 940 1361 1086 1409; x_wconf 80' lang='lat' dir='ltr'>templi,</span> 
     </span>
    </p>

    <p class='ocr_par' dir='ltr' id='par_1_10' title="bbox 147 1425 1072 1474">
     <span class='ocr_line' id='line_1_19' title="bbox 147 1425 1072 1474; baseline 0.001 -12"><span class='ocrx_word' id='word_1_114' title='bbox 147 1432 279 1474; x_wconf 87' lang='lat' dir='ltr'>saepta</span> <span class='ocrx_word' id='word_1_115' title='bbox 300 1425 424 1470; x_wconf 89' lang='lat' dir='ltr'>armis,</span> <span class='ocrx_word' id='word_1_116' title='bbox 447 1426 620 1473; x_wconf 90' lang='lat' dir='ltr'>solioque</span> <span class='ocrx_word' id='word_1_117' title='bbox 641 1426 715 1461; x_wconf 85' lang='lat' dir='ltr'>alte</span> <span class='ocrx_word' id='word_1_118' title='bbox 737 1426 900 1462; x_wconf 87' lang='lat' dir='ltr'>subnixa</span> <span class='ocrx_word' id='word_1_119' title='bbox 920 1426 1072 1463; x_wconf 86' lang='lat' dir='ltr'>resedit.</span> 
     </span>
    </p>

    <p class='ocr_par' dir='ltr' id='par_1_11' title="bbox 145 1490 1149 1604">
     <span class='ocr_line' id='line_1_20' title="bbox 147 1490 1149 1539; baseline 0.001 -11"><span class='ocrx_word' id='word_1_120' title='bbox 147 1492 235 1528; x_wconf 85' lang='lat' dir='ltr'>Iura</span> <span class='ocrx_word' id='word_1_121' title='bbox 255 1490 372 1528; x_wconf 91' lang='lat' dir='ltr'>dabat</span> <span class='ocrx_word' id='word_1_122' title='bbox 392 1491 574 1539; x_wconf 88' lang='lat' dir='ltr'>legesque</span> <span class='ocrx_word' id='word_1_123' title='bbox 594 1490 693 1536; x_wconf 86' lang='lat' dir='ltr'>viris,</span> <span class='ocrx_word' id='word_1_124' title='bbox 715 1503 955 1539; x_wconf 90' lang='lat' dir='ltr'>operumque</span> <span class='ocrx_word' id='word_1_125' title='bbox 978 1491 1149 1529; x_wconf 90' lang='lat' dir='ltr'>laborem</span> 
     </span>
     <span class='ocr_line' id='line_1_21' title="bbox 145 1556 1098 1604; baseline 0.002 -12"><span class='ocrx_word' id='word_1_126' title='bbox 145 1556 314 1604; x_wconf 85' lang='lat' dir='ltr'>partibus</span> <span class='ocrx_word' id='word_1_127' title='bbox 336 1556 526 1604; x_wconf 84' lang='lat' dir='ltr'>aequabat</span> <span class='ocrx_word' id='word_1_128' title='bbox 546 1556 665 1601; x_wconf 81' lang='lat' dir='ltr'>iustis,</span> <span class='ocrx_word' id='word_1_129' title='bbox 688 1562 752 1592; x_wconf 91' lang='lat' dir='ltr'>aut</span> <span class='ocrx_word' id='word_1_130' title='bbox 774 1562 875 1592; x_wconf 90' lang='lat' dir='ltr'>sorte</span> <span class='ocrx_word' id='word_1_131' title='bbox 899 1556 1073 1594; x_wconf 85' lang='lat' dir='ltr'>trahebat</span> <span class='ocrx_word' id='word_1_132' title='bbox 1092 1572 1098 1594; x_wconf 93' lang='lat'>:</span> 
     </span>
    </p>

    <p class='ocr_par' dir='ltr' id='par_1_12' title="bbox 145 1621 1254 1864">
     <span class='ocr_line' id='line_1_22' title="bbox 146 1621 1144 1671; baseline 0.002 -14"><span class='ocrx_word' id='word_1_133' title='bbox 146 1634 235 1657; x_wconf 92' lang='lat' dir='ltr'>cum</span> <span class='ocrx_word' id='word_1_134' title='bbox 257 1621 382 1658; x_wconf 92' lang='lat' dir='ltr'>subito</span> <span class='ocrx_word' id='word_1_135' title='bbox 403 1622 555 1657; x_wconf 88' lang='lat' dir='ltr'>Aeneas</span> <span class='ocrx_word' id='word_1_136' title='bbox 577 1632 769 1657; x_wconf 90' lang='lat' dir='ltr'>concursu</span> <span class='ocrx_word' id='word_1_137' title='bbox 791 1621 980 1658; x_wconf 88' lang='lat' dir='ltr'>accedere</span> <span class='ocrx_word' id='word_1_138' title='bbox 1003 1634 1144 1671; x_wconf 89' lang='lat' dir='ltr'>magno</span> 
     </span>
     <span class='ocr_line' id='line_1_23' title="bbox 146 1675 1254 1734; baseline 0.002 -12"><span class='ocrx_word' id='word_1_139' title='bbox 146 1686 298 1723; x_wconf 79' lang='lat' dir='ltr'>Anthea</span> <span class='ocrx_word' id='word_1_140' title='bbox 318 1686 614 1734; x_wconf 89' lang='lat' dir='ltr'>Sergestumque</span> <span class='ocrx_word' id='word_1_141' title='bbox 634 1685 740 1722; x_wconf 89' lang='lat' dir='ltr'>videt</span> <span class='ocrx_word' id='word_1_142' title='bbox 761 1686 978 1734; x_wconf 90' lang='lat' dir='ltr'>fortemque</span> <span class='ocrx_word' id='word_1_143' title='bbox 1001 1675 1254 1733; x_wconf 73' lang='lat' dir='ltr'>Cloanthum,</span> 
     </span>
     <span class='ocr_line' id='line_1_24' title="bbox 145 1751 1130 1800; baseline 0.002 -13"><span class='ocrx_word' id='word_1_144' title='bbox 145 1752 461 1798; x_wconf 91' lang='lat' dir='ltr'>Teucrorumque</span> <span class='ocrx_word' id='word_1_145' title='bbox 482 1751 587 1797; x_wconf 89' lang='lat' dir='ltr'>alios,</span> <span class='ocrx_word' id='word_1_146' title='bbox 610 1758 690 1787; x_wconf 92' lang='lat' dir='ltr'>ater</span> <span class='ocrx_word' id='word_1_147' title='bbox 710 1763 806 1799; x_wconf 90' lang='lat' dir='ltr'>quos</span> <span class='ocrx_word' id='word_1_148' title='bbox 828 1764 996 1800; x_wconf 88' lang='lat' dir='ltr'>aequore</span> <span class='ocrx_word' id='word_1_149' title='bbox 1017 1753 1130 1789; x_wconf 89' lang='lat' dir='ltr'>turbo</span> 
     </span>
     <span class='ocr_line' id='line_1_25' title="bbox 146 1816 1031 1864; baseline 0.002 -12"><span class='ocrx_word' id='word_1_150' title='bbox 146 1816 354 1864; x_wconf 87' lang='lat' dir='ltr'>dispulerat</span> <span class='ocrx_word' id='word_1_151' title='bbox 374 1817 604 1864; x_wconf 88' lang='lat' dir='ltr'>penitusque</span> <span class='ocrx_word' id='word_1_152' title='bbox 625 1816 715 1852; x_wconf 87' lang='lat' dir='ltr'>alias</span> <span class='ocrx_word' id='word_1_153' title='bbox 737 1824 914 1853; x_wconf 86' lang='lat' dir='ltr'>avexerat</span> <span class='ocrx_word' id='word_1_154' title='bbox 935 1829 1031 1854; x_wconf 90' lang='lat' dir='ltr'>oras.</span> 
     </span>
    </p>

    <p class='ocr_par' dir='ltr' id='par_1_13' title="bbox 144 1881 1162 2126">
     <span class='ocr_line' id='line_1_26' title="bbox 147 1881 1116 1930; baseline 0.001 -11"><span class='ocrx_word' id='word_1_155' title='bbox 147 1881 342 1929; x_wconf 86' lang='lat' dir='ltr'>Obstipuit</span> <span class='ocrx_word' id='word_1_156' title='bbox 363 1881 473 1917; x_wconf 90' lang='lat' dir='ltr'>simul</span> <span class='ocrx_word' id='word_1_157' title='bbox 495 1881 575 1929; x_wconf 86' lang='lat' dir='ltr'>ipse</span> <span class='ocrx_word' id='word_1_158' title='bbox 597 1881 707 1917; x_wconf 88' lang='lat' dir='ltr'>simul</span> <span class='ocrx_word' id='word_1_159' title='bbox 728 1882 925 1930; x_wconf 91' lang='lat' dir='ltr'>perculsus</span> <span class='ocrx_word' id='word_1_160' title='bbox 948 1883 1116 1920; x_wconf 87' lang='lat' dir='ltr'>Achates</span> 
     </span>
     <span class='ocr_line' id='line_1_27' title="bbox 144 1946 1162 1996; baseline 0.003 -13"><span class='ocrx_word' id='word_1_161' title='bbox 144 1947 364 1994; x_wconf 86' lang='lat' dir='ltr'>laetitiaque</span> <span class='ocrx_word' id='word_1_162' title='bbox 385 1954 595 1994; x_wconf 80' lang='lat' dir='ltr'>metuque3</span> <span class='ocrx_word' id='word_1_163' title='bbox 625 1946 726 1983; x_wconf 87' lang='lat' dir='ltr'>avidi</span> <span class='ocrx_word' id='word_1_164' title='bbox 749 1947 985 1996; x_wconf 87' lang='lat' dir='ltr'>coniungere</span> <span class='ocrx_word' id='word_1_165' title='bbox 1008 1948 1162 1986; x_wconf 77' lang='lat' dir='ltr'>dextras</span> 
     </span>
     <span class='ocr_line' id='line_1_28' title="bbox 144 2011 1083 2061; baseline 0.003 -13"><span class='ocrx_word' id='word_1_166' title='bbox 144 2011 331 2048; x_wconf 89' lang='lat' dir='ltr'>ardebant</span> <span class='ocrx_word' id='word_1_167' title='bbox 349 2025 356 2057; x_wconf 88' lang='lat'>;</span> <span class='ocrx_word' id='word_1_168' title='bbox 387 2011 456 2048; x_wconf 92' lang='lat' dir='ltr'>sed</span> <span class='ocrx_word' id='word_1_169' title='bbox 476 2024 534 2048; x_wconf 92' lang='lat' dir='ltr'>res</span> <span class='ocrx_word' id='word_1_170' title='bbox 556 2012 705 2048; x_wconf 86' lang='lat' dir='ltr'>animos</span> <span class='ocrx_word' id='word_1_171' title='bbox 726 2012 924 2061; x_wconf 84' lang='lat' dir='ltr'>incognita</span> <span class='ocrx_word' id='word_1_172' title='bbox 946 2014 1083 2051; x_wconf 89' lang='lat' dir='ltr'>turbat.</span> 
     </span>
     <span class='ocr_line' id='line_1_29' title="bbox 145 2077 1134 2126; baseline 0.003 -13"><span class='ocrx_word' id='word_1_173' title='bbox 145 2077 408 2122; x_wconf 90' lang='lat' dir='ltr'>Dissimulant,</span> <span class='ocrx_word' id='word_1_174' title='bbox 430 2083 468 2113; x_wconf 92' lang='lat' dir='ltr'>et</span> <span class='ocrx_word' id='word_1_175' title='bbox 488 2077 590 2113; x_wconf 91' lang='lat' dir='ltr'>nube</span> <span class='ocrx_word' id='word_1_176' title='bbox 611 2089 705 2113; x_wconf 85' lang='lat' dir='ltr'>cava</span> <span class='ocrx_word' id='word_1_177' title='bbox 724 2080 972 2126; x_wconf 84' lang='lat' dir='ltr'>speculantur</span> <span class='ocrx_word' id='word_1_178' title='bbox 991 2079 1134 2124; x_wconf 86' lang='lat' dir='ltr'>amicti,</span> 
     </span>
    </p>

    <p class='ocr_par' dir='ltr' id='par_1_14' title="bbox 145 2142 1158 2322">
     <span class='ocr_line' id='line_1_30' title="bbox 145 2142 1158 2192; baseline 0.003 -14"><span class='ocrx_word' id='word_1_179' title='bbox 145 2154 243 2190; x_wconf 88' lang='lat' dir='ltr'>quae</span> <span class='ocrx_word' id='word_1_180' title='bbox 266 2142 418 2178; x_wconf 89' lang='lat' dir='ltr'>fortuna</span> <span class='ocrx_word' id='word_1_181' title='bbox 437 2142 534 2187; x_wconf 90' lang='lat' dir='ltr'>viris,</span> <span class='ocrx_word' id='word_1_182' title='bbox 557 2142 718 2179; x_wconf 85' lang='lat' dir='ltr'>classem</span> <span class='ocrx_word' id='word_1_183' title='bbox 740 2156 817 2191; x_wconf 87' lang='lat' dir='ltr'>quo</span> <span class='ocrx_word' id='word_1_184' title='bbox 840 2144 949 2181; x_wconf 88' lang='lat' dir='ltr'>litore</span> <span class='ocrx_word' id='word_1_185' title='bbox 972 2144 1158 2192; x_wconf 88' lang='lat' dir='ltr'>linquant,</span> 
     </span>
     <span class='ocr_line' id='line_1_31' title="bbox 145 2207 1155 2255; baseline 0.004 -13"><span class='ocrx_word' id='word_1_186' title='bbox 145 2207 237 2255; x_wconf 85' lang='lat' dir='ltr'>quid</span> <span class='ocrx_word' id='word_1_187' title='bbox 258 2207 413 2243; x_wconf 89' lang='lat' dir='ltr'>veniant</span> <span class='ocrx_word' id='word_1_188' title='bbox 429 2221 438 2253; x_wconf 76' lang='lat'><em>3</em></span> <span class='ocrx_word' id='word_1_189' title='bbox 469 2208 617 2244; x_wconf 91' lang='lat' dir='ltr'>cunctis</span> <span class='ocrx_word' id='word_1_190' title='bbox 638 2220 728 2245; x_wconf 90' lang='lat' dir='ltr'>nam</span> <span class='ocrx_word' id='word_1_191' title='bbox 749 2209 838 2245; x_wconf 91' lang='lat' dir='ltr'>lecti</span> <span class='ocrx_word' id='word_1_192' title='bbox 859 2209 1017 2246; x_wconf 88' lang='lat' dir='ltr'>navibus</span> <span class='ocrx_word' id='word_1_193' title='bbox 1040 2210 1155 2254; x_wconf 86' lang='lat' dir='ltr'>ibant,</span> 
     </span>
     <span class='ocr_line' id='line_1_32' title="bbox 145 2272 1156 2322; baseline 0.003 -15"><span class='ocrx_word' id='word_1_194' title='bbox 145 2279 297 2308; x_wconf 90' lang='lat' dir='ltr'>orantes</span> <span class='ocrx_word' id='word_1_195' title='bbox 318 2272 481 2317; x_wconf 88' lang='lat' dir='ltr'>veniam,</span> <span class='ocrx_word' id='word_1_196' title='bbox 504 2278 542 2309; x_wconf 85' lang='lat' dir='ltr'>et</span> <span class='ocrx_word' id='word_1_197' title='bbox 561 2273 749 2321; x_wconf 90' lang='lat' dir='ltr'>templum</span> <span class='ocrx_word' id='word_1_198' title='bbox 771 2273 938 2310; x_wconf 84' lang='lat' dir='ltr'>clamore</span> <span class='ocrx_word' id='word_1_199' title='bbox 960 2274 1156 2322; x_wconf 87' lang='lat' dir='ltr'>petebant.</span> 
     </span>
    </p>

    <p class='ocr_par' dir='ltr' id='par_1_15' title="bbox 146 2337 1247 2516">
     <span class='ocr_line' id='line_1_33' title="bbox 201 2337 1247 2387; baseline 0.004 -15"><span class='ocrx_word' id='word_1_200' title='bbox 201 2338 410 2384; x_wconf 86' lang='lat' dir='ltr'>Postquam</span> <span class='ocrx_word' id='word_1_201' title='bbox 431 2337 651 2386; x_wconf 84' lang='lat' dir='ltr'>introgressi</span> <span class='ocrx_word' id='word_1_202' title='bbox 673 2345 710 2374; x_wconf 91' lang='lat' dir='ltr'>et</span> <span class='ocrx_word' id='word_1_203' title='bbox 733 2350 864 2375; x_wconf 86' lang='lat' dir='ltr'>coram</span> <span class='ocrx_word' id='word_1_204' title='bbox 885 2338 975 2375; x_wconf 84' lang='lat' dir='ltr'>data</span> <span class='ocrx_word' id='word_1_205' title='bbox 995 2340 1109 2387; x_wconf 87' lang='lat' dir='ltr'>copia</span> <span class='ocrx_word' id='word_1_206' title='bbox 1130 2339 1247 2385; x_wconf 90' lang='lat' dir='ltr'>fandi,</span> 
     </span>
     <span class='ocr_line' id='line_1_34' title="bbox 146 2402 1144 2452; baseline 0.002 -14"><span class='ocrx_word' id='word_1_207' title='bbox 146 2414 347 2439; x_wconf 87' lang='lat' dir='ltr'>maxumus</span> <span class='ocrx_word' id='word_1_208' title='bbox 369 2402 538 2439; x_wconf 86' lang='lat' dir='ltr'>Ilioneus</span> <span class='ocrx_word' id='word_1_209' title='bbox 559 2402 713 2450; x_wconf 87' lang='lat' dir='ltr'>placido</span> <span class='ocrx_word' id='word_1_210' title='bbox 735 2403 788 2439; x_wconf 88' lang='lat' dir='ltr'>sic</span> <span class='ocrx_word' id='word_1_211' title='bbox 811 2410 968 2451; x_wconf 89' lang='lat' dir='ltr'>pectore</span> <span class='ocrx_word' id='word_1_212' title='bbox 990 2405 1119 2452; x_wconf 91' lang='lat' dir='ltr'>coepit</span> <span class='ocrx_word' id='word_1_213' title='bbox 1138 2419 1144 2440; x_wconf 92' lang='lat'>:</span> 
     </span>
     <span class='ocr_line' id='line_1_35' title="bbox 146 2467 1178 2516; baseline 0.002 -13"><span class='ocrx_word' id='word_1_214' title='bbox 146 2469 155 2485; x_wconf 77' lang='lat'><strong><em>⁶</em></strong></span> <span class='ocrx_word' id='word_1_215' title='bbox 170 2467 206 2504; x_wconf 93' lang='lat' dir='ltr'>O</span> <span class='ocrx_word' id='word_1_216' title='bbox 227 2467 390 2515; x_wconf 87' lang='lat' dir='ltr'>Regina,</span> <span class='ocrx_word' id='word_1_217' title='bbox 411 2479 551 2503; x_wconf 88' lang='lat' dir='ltr'>novam</span> <span class='ocrx_word' id='word_1_218' title='bbox 573 2467 635 2504; x_wconf 87' lang='lat' dir='ltr'>cui</span> <span class='ocrx_word' id='word_1_219' title='bbox 656 2467 827 2504; x_wconf 90' lang='lat' dir='ltr'>condere</span> <span class='ocrx_word' id='word_1_220' title='bbox 850 2468 1025 2516; x_wconf 90' lang='lat' dir='ltr'>luppiter</span> <span class='ocrx_word' id='word_1_221' title='bbox 1045 2469 1178 2505; x_wconf 89' lang='lat' dir='ltr'>urbem</span> 
     </span>
    </p>
   </div>
   <div class='ocr_carea' id='block_1_3' title="bbox 255 2551 1390 2590">
    <p class='ocr_par' dir='ltr' id='par_1_16' title="bbox 255 2551 1390 2590">
     <span class='ocr_line' id='line_1_36' title="bbox 255 2551 1390 2590; baseline 0.004 -11"><span class='ocrx_word' id='word_1_222' title='bbox 255 2586 257 2589; x_wconf 15' lang='grc' dir='ltr'>ᾖ</span> <span class='ocrx_word' id='word_1_223' title='bbox 298 2551 343 2571; x_wconf 78' lang='lat'>492</span> <span class='ocrx_word' id='word_1_224' title='bbox 358 2555 491 2580; x_wconf 77' lang='lat' dir='ltr'>exertae.</span> <span class='ocrx_word' id='word_1_225' title='bbox 514 2553 550 2580; x_wconf 89' lang='lat' dir='ltr'>R.</span> <span class='ocrx_word' id='word_1_226' title='bbox 719 2552 764 2572; x_wconf 81' lang='lat'>505</span> <span class='ocrx_word' id='word_1_227' title='bbox 779 2563 794 2580; x_wconf 76' lang='lat' dir='ltr'>e</span> <span class='ocrx_word' id='word_1_228' title='bbox 807 2556 871 2582; x_wconf 73' lang='lat' dir='ltr'>test.</span> <span class='ocrx_word' id='word_1_229' title='bbox 896 2554 930 2582; x_wconf 81' lang='lat' dir='ltr'>R.</span> <span class='ocrx_word' id='word_1_230' title='bbox 1106 2554 1150 2573; x_wconf 80' lang='lat'>513</span> <span class='ocrx_word' id='word_1_231' title='bbox 1160 2558 1332 2590; x_wconf 73' lang='lat' dir='ltr'>percussus.</span> <span class='ocrx_word' id='word_1_232' title='bbox 1357 2556 1390 2583; x_wconf 80' lang='lat' dir='ltr'>R.</span> 
     </span>
    </p>
   </div>
   <div class='ocr_carea' id='block_1_4' title="bbox 1500 207 1546 250">
    <p class='ocr_par' dir='ltr' id='par_1_17' title="bbox 1500 207 1546 250">
     <span class='ocr_line' id='line_1_37' title="bbox 1500 207 1546 250; baseline 0 -13"><span class='ocrx_word' id='word_1_233' title='bbox 1500 207 1546 250; x_wconf 80' lang='lat'>51</span> 
     </span>
    </p>
   </div>
   <div class='ocr_carea' id='block_1_5' title="bbox 1498 392 1553 418">
    <p class='ocr_par' dir='ltr' id='par_1_18' title="bbox 1498 392 1553 418">
     <span class='ocr_line' id='line_1_38' title="bbox 1498 392 1553 418; baseline 0 0"><span class='ocrx_word' id='word_1_234' title='bbox 1498 392 1553 418; x_wconf 74' lang='lat'>490</span> 
     </span>
    </p>
   </div>
   <div class='ocr_carea' id='block_1_6' title="bbox 1496 717 1552 744">
    <p class='ocr_par' dir='ltr' id='par_1_19' title="bbox 1496 717 1552 744">
     <span class='ocr_line' id='line_1_39' title="bbox 1496 717 1552 744; baseline 0 0"><span class='ocrx_word' id='word_1_235' title='bbox 1496 717 1552 744; x_wconf 81' lang='lat'>495</span> 
     </span>
    </p>
   </div>
   <div class='ocr_carea' id='block_1_7' title="bbox 1495 1042 1552 1070">
    <p class='ocr_par' dir='ltr' id='par_1_20' title="bbox 1495 1042 1552 1070">
     <span class='ocr_line' id='line_1_40' title="bbox 1495 1042 1552 1070; baseline 0 -9"><span class='ocrx_word' id='word_1_236' title='bbox 1495 1042 1552 1070; x_wconf 85' lang='lat'>500</span> 
     </span>
    </p>
   </div>
   <div class='ocr_carea' id='block_1_8' title="bbox 1495 1369 1550 1398">
    <p class='ocr_par' dir='ltr' id='par_1_21' title="bbox 1495 1369 1550 1398">
     <span class='ocr_line' id='line_1_41' title="bbox 1495 1369 1550 1398; baseline 0.018 -1"><span class='ocrx_word' id='word_1_237' title='bbox 1495 1369 1550 1398; x_wconf 83' lang='lat'>505</span> 
     </span>
    </p>
   </div>
   <div class='ocr_carea' id='block_1_9' title="bbox 1495 1697 1550 1725">
    <p class='ocr_par' dir='ltr' id='par_1_22' title="bbox 1495 1697 1550 1725">
     <span class='ocr_line' id='line_1_42' title="bbox 1495 1697 1550 1725; baseline 0.018 -9"><span class='ocrx_word' id='word_1_238' title='bbox 1495 1697 1550 1725; x_wconf 86' lang='lat'>510</span> 
     </span>
    </p>
   </div>
   <div class='ocr_carea' id='block_1_10' title="bbox 1493 2024 1547 2052">
    <p class='ocr_par' dir='ltr' id='par_1_23' title="bbox 1493 2024 1547 2052">
     <span class='ocr_line' id='line_1_43' title="bbox 1493 2024 1547 2052; baseline 0 0"><span class='ocrx_word' id='word_1_239' title='bbox 1493 2024 1547 2052; x_wconf 83' lang='lat'>515</span> 
     </span>
    </p>
   </div>
   <div class='ocr_carea' id='block_1_11' title="bbox 1491 2347 1547 2375">
    <p class='ocr_par' dir='ltr' id='par_1_24' title="bbox 1491 2347 1547 2375">
     <span class='ocr_line' id='line_1_44' title="bbox 1491 2347 1547 2375; baseline 0 -8"><span class='ocrx_word' id='word_1_240' title='bbox 1491 2347 1547 2375; x_wconf 86' lang='lat'>520</span> 
     </span>
    </p>
   </div>
  </div>
 </body>
</html>
