1690 2734
135 232 177 262 11.
198 231 288 274 560]
406 236 408 239 ·
572 224 704 264 Scene
734 231 781 264 at
813 223 882 264 tlte
916 223 1086 265 Falace.

134 360 229 385 unus
250 354 427 385 natorum
451 348 598 392 Priami,
621 359 690 395 per
711 348 796 392 tela,
819 359 887 395 per
908 346 1025 383 hostis

131 413 342 461 porticibus
364 413 484 461 longis
506 413 610 460 fugit,
635 418 672 448 et
693 424 815 448 vacua
835 412 929 448 atria
950 412 1080 448 lustrat

131 478 281 515 saucius
299 492 306 515 :
340 477 444 514 illum
467 477 605 513 ardens
626 477 764 513 infesto
786 477 939 513 volnere
964 476 1126 525 Pyrrhus

130 543 351 591 insequitur,
374 542 447 578 iam
470 542 623 590 iamque
647 553 761 578 manu
785 547 890 578 tenet
911 547 949 577 et
969 541 1108 589 premit
1129 542 1248 578 hasta.

129 609 183 646 Ut
203 607 361 645 tandem
382 613 470 644 ante
492 607 627 644 oculos
649 606 766 643 evasit
790 612 827 642 et
848 618 915 642 ora
934 612 1149 654 parentum,

129 673 311 718 concidit,
334 685 379 709 ac
401 672 520 709 multo
540 672 654 708 vitam
679 683 766 707 cum
789 671 974 718 sanguine
996 670 1104 707 fudit.

132 739 208 774 Hic
233 738 414 784 Priamus,
437 748 673 785 quamquam
696 736 734 772 in
755 735 884 772 media
905 735 979 771 iam
1001 742 1122 772 morte
1144 742 1307 782 tenetur,

128 815 205 839 non
226 809 354 839 tamen
376 803 570 848 abstinuit,
595 813 668 838 nec
689 800 775 837 voci
798 800 952 848 iraeque
975 801 1172 848 pepercit:

128 869 200 904 ‘At
220 868 285 904 tibi
307 879 376 915 pro
397 867 566 912 scelere,'
591 866 792 910 exclamat,
818 868 825 883 ⁶
843 877 913 913 pro
935 865 1071 902 talibus
1092 866 1204 911 ausis,

127 932 177 977 di,
200 933 230 969 si
251 945 327 981 qua
347 940 403 969 est
424 933 532 969 caelo
553 932 686 980 pietas,
714 941 814 978 quae
836 930 924 966 talia
945 937 1062 976 curet,
1235 921 1250 929 j

126 998 343 1045 persolvant
363 1004 487 1046 grates
508 997 643 1046 dignas
665 1003 703 1033 et
727 995 898 1044 praemia
918 995 1083 1033 reddant

127 1062 267 1108 debita,
290 1063 354 1110 qui
375 1063 451 1099 nati
474 1074 603 1099 coram
626 1074 688 1099 me
713 1072 869 1098 cernere
891 1060 1010 1097 letum

125 1128 245 1164 fecisti
268 1134 305 1164 et
325 1128 467 1176 patrios
488 1127 651 1164 foedasti
673 1128 805 1165 funere
828 1127 964 1164 voltus.

104 1194 178 1247 Q
195 1205 273 1229 non
294 1193 366 1238 ille,
389 1199 513 1230 satum
535 1205 612 1241 quo
633 1200 669 1230 te
692 1193 874 1238 mentiris,
900 1191 1066 1229 Achilles

125 1258 207 1294 talis
229 1258 266 1294 in
288 1257 397 1294 hoste
419 1258 487 1295 fuit
509 1258 688 1305 Priamo;
720 1258 789 1295 sed
813 1259 893 1294 iura
916 1257 1112 1306 fidemque

125 1323 307 1371 supplicis
328 1323 489 1368 erubuit,
513 1335 731 1371 corpusque
756 1336 949 1372 exsangue
974 1324 1178 1371 sepulchro

124 1387 293 1424 reddidit
316 1388 570 1432 Hectoreum,
592 1401 732 1437 meque
754 1389 791 1425 in
814 1401 901 1426 mea
923 1401 1042 1436 regna
1063 1390 1232 1426 remisit.'

178 1453 238 1490 Sic
259 1453 357 1489 fatus
378 1454 514 1499 senior,
537 1454 733 1502 telumque
755 1454 909 1492 imbelle
932 1454 1015 1491 sine
1037 1455 1114 1491 ictu

123 1518 303 1563 coniecit,
325 1530 442 1555 rauco
464 1518 570 1567 quod
586 1520 763 1567 ,protinus
787 1532 874 1557 aere
896 1521 1091 1569 repulsum

124 1595 143 1619 e
165 1595 317 1620 summo
339 1584 452 1631 clipei
475 1585 710 1633 nequiquam
726 1586 901 1632 umbone
925 1587 1124 1635 pependit.

123 1648 196 1686 Cui
218 1649 380 1697 Pyrrhus
398 1663 404 1685 :
439 1652 447 1667 ‘
467 1650 627 1687 Reseres
648 1663 739 1699 ergo
761 1651 857 1687 haec
882 1658 919 1688 et
941 1654 1094 1690 nuntius
1121 1654 1192 1691 ibis

125 1713 279 1751 Pelidae
300 1715 488 1762 genitori3
520 1715 568 1751 illi
593 1728 679 1752 mea
699 1716 817 1753 tristia
839 1718 939 1754 sacta

126 1777 436 1827 degeneremque
461 1780 766 1828 Neoptolemum
789 1796 940 1821 narrare
968 1794 1178 1824 memento.

125 1844 239 1879 Nunc
262 1846 436 1881 morere.’
497 1846 589 1882 Hoc
611 1845 745 1883 dicens
769 1848 899 1886 altaria
921 1851 969 1888 ad
992 1852 1073 1900 ipsa
1094 1859 1322 1890 trementem

122 1909 232 1945 traxit
253 1915 290 1945 et
313 1909 352 1946 in
374 1909 492 1946 multo
514 1910 729 1958 lapsantem
754 1916 938 1962 sanguine
961 1918 1051 1963 nati,

122 1973 387 2022 implicuitque
410 1987 563 2012 comam
586 1976 704 2022 laeva,
732 1979 942 2030 dextraque
966 1995 1172 2021 coruscum

122 2038 264 2083 extulit,
287 2051 333 2075 ac
353 2039 459 2076 lateri
481 2041 619 2089 capulo
642 2050 754 2081 tenus
776 2045 925 2083 abdidit
947 2060 1091 2085 ensem.

123 2104 236 2139 Haec
256 2104 341 2141 finis
364 2105 501 2142 Priami
524 2106 687 2145 fatorum
707 2123 714 2154 3
749 2110 810 2146 hic
834 2112 956 2149 exitus
978 2114 1082 2158 illum

121 2174 221 2205 sorte
234 2169 515 2217 jung-Troiam
539 2173 736 2211 incensam
760 2182 797 2212 et
819 2177 995 2225 prolapsa
1016 2178 1213 2216 videntem

123 2234 319 2281 Pergama,
341 2241 396 2271 tot
418 2237 616 2284 quondam
640 2240 792 2288 populis
815 2242 998 2290 terrisque
1019 2244 1226 2292 superbum

120 2305 361 2345 regnatorem
384 2302 508 2338 Asiae.
569 2303 675 2340 Iacet
696 2304 831 2353 ingens
852 2307 958 2344 litore
980 2314 1147 2353 truncus,

121 2363 368 2411 avolsumque
404 2365 544 2403 umeris
581 2375 709 2416 caput,
735 2377 772 2406 et
795 2371 875 2407 sine
900 2373 1059 2409 nominc
1083 2386 1235 2422 corpus.

175 2430 223 2465 At
244 2441 305 2466 me
328 2437 408 2466 tum
431 2432 597 2479 primum
619 2445 753 2470 saevus
777 2436 1027 2474 circumstetit
1050 2438 1191 2475 horror.

123 2493 300 2542 Obstipui
319 2508 327 2540 3
359 2496 474 2532 subiit
494 2498 569 2533 cari
591 2498 773 2546 genitoris
795 2500 932 2549 imago,

428 2582 471 2603 5⁴5
486 2594 526 2612 cc.
557 2586 591 2613 R.
887 2585 932 2607 552
948 2596 1033 2614 coma
1050 2588 1180 2616 laevam.
1204 2588 1239 2617 R.

1481 234 1529 276 75

1477 548 1532 576 530

1473 1199 1530 1228 540

1471 1529 1526 1558 545

1470 1862 1526 1891 550

1471 2187 1524 2216 555
