1690 2734
159 221 203 250 11.
224 221 313 261 216]
494 213 577 253 Tllc?
608 214 829 266 Fcljlll‘c'd
866 213 965 252 'sale
996 215 1047 265 (ff
1073 213 1220 253 Sinon.

159 337 273 372 Hanc
294 348 363 384 pro
386 336 555 372 Palladio
577 337 722 380 moniti,
745 348 814 384 pro
836 336 993 372 numine
1014 336 1118 372 laeso

154 401 322 449 effigiem
342 408 520 447 statuere,
543 401 648 437 nefas
669 412 768 449 quae
790 401 894 437 triste
915 401 1049 449 piaret.

156 467 271 502 Hanc
292 473 423 502 tamen
444 466 673 502 immensam
695 465 860 503 Calchas
882 465 1053 502 attollere
1075 465 1218 502 molem

153 531 355 568 roboribus
376 530 698 578 textis-caeloque
720 529 887 567 educere
910 530 1026 575 iussit,

154 608 202 632 ne
223 595 343 644 recipi
365 596 494 644 portis,
516 602 580 632 aut
601 594 692 632 duci
713 595 750 631 in
773 595 928 632 moenia
949 595 1080 643 possit,

154 672 228 697 neu
249 660 436 708 populum
457 660 614 708 antiqua
634 660 704 696 sub
724 660 908 708 religione
929 660 1037 696 tueri.

156 725 257 762 Nam
277 725 308 761 si
328 732 452 762 vestra
473 737 607 761 manus
628 725 806 761 violasset
827 724 931 761 dona
953 725 1162 770 Minervae,

154 797 234 827 tum
255 802 437 838 magnum
459 790 616 826 exitium
643 789 770 838 (quod
792 789 831 826 di
853 790 955 837 prius
977 802 1093 826 omen
1116 790 1153 826 in
1175 791 1301 838 ipsum

154 862 381 892 convertant
400 857 427 903 l)
456 856 593 892 Priami
615 855 777 903 imperio
801 855 1089 903 Phrygibusque
1112 856 1279 892 futurum
1298 871 1304 901 ;

154 921 211 957 sin
232 920 409 957 manibus
430 920 561 956 vestris
582 926 746 956 vestram
767 919 1006 956 ascendisset
1027 921 1063 956 in
1086 921 1232 965 urbem,

154 986 251 1022 ultro
273 985 404 1022 Asiam
427 997 569 1033 magno
591 985 761 1033 Pelopea
780 984 830 1021 ad
852 985 1007 1021 moenia
1027 985 1130 1022 bello

154 1056 366 1095 venturam,
388 1056 425 1086 et
445 1056 595 1086 nostros
616 1062 662 1086 ea
681 1050 758 1086 fata
777 1061 932 1086 manere
955 1051 1144 1098 nepotes!

207 1114 363 1151 Talibus
386 1114 531 1151 insidiis
552 1114 770 1162 periurique
792 1121 871 1150 arte
894 1115 1046 1152 Sinonis

155 1179 302 1216 credita
320 1192 392 1225 res,
413 1180 594 1228 captique
617 1179 714 1216 dolis
736 1180 979 1228 lacrimisque
1000 1181 1157 1226 coactis,

155 1256 252 1293 quos
273 1255 400 1292 neque
421 1243 605 1293 Tydides,
626 1256 701 1281 nec
724 1244 944 1281 Larissaeus
965 1244 1144 1291 Achilles,

156 1322 234 1347 non
254 1309 345 1346 anni
365 1308 552 1346 domuere
574 1309 727 1354 decem,
748 1322 827 1346 non
848 1309 949 1346 mille
971 1310 1135 1347 carinae.

211 1374 291 1411 Hic
311 1373 415 1411 aliud
438 1375 560 1411 maius
582 1374 726 1411 miseris
750 1375 948 1423 multoque
971 1375 1217 1412 tremendum

155 1439 320 1477 obicitur
339 1440 472 1488 magis,
494 1445 609 1487 atque
631 1439 847 1488 improvida
867 1446 1027 1488 pectora
1046 1440 1183 1477 turbat.

156 1504 353 1550 Laocoon,
375 1504 515 1541 ductus
539 1505 726 1552 Neptuno
748 1511 848 1542 sorte
870 1504 1063 1551 sacerdos,

154 1570 349 1607 sollemnis
369 1576 520 1606 taurum
541 1570 740 1618 ingentem
764 1570 957 1607 mactabat
977 1569 1027 1606 ad
1047 1582 1142 1607 aras.

157 1636 262 1672 Ecce
283 1642 411 1672 autem
431 1635 577 1684 gemini
598 1648 620 1671 a
640 1634 804 1672 Tenedo
827 1635 1027 1683 tranquilla
1047 1647 1116 1683 per
1135 1635 1210 1671 alta
1225 1637 1276 1662 4

156 1700 337 1737 horresco
358 1701 525 1737 referens
540 1700 803 1737 —immensis
826 1699 982 1736 orbibus
1003 1712 1147 1748 angues

156 1764 383 1801 incumbunt
403 1765 553 1813 pelago,
575 1765 792 1813 pariterque
815 1763 864 1800 ad
886 1763 996 1800 litora
1016 1763 1206 1810 tendunt,

155 1836 314 1878 pectora
334 1842 498 1877 quorum
521 1830 618 1866 inter
637 1830 774 1867 fluctus
796 1836 944 1866 arrecta
964 1829 1154 1877 iubaeque

156 1894 389 1943 sanguineae
410 1901 591 1942 superant
612 1894 760 1937 undas;
793 1906 879 1943 pars
901 1900 1031 1930 cetera
1050 1900 1214 1942 pontum

156 1972 258 2008 pone
279 1960 381 2008 legit,
403 1960 604 2007 sinuatque
626 1960 815 1997 immensa
835 1959 1029 1996 volumine
1050 1965 1168 2007 terga.

158 2026 217 2062 Fit
237 2025 383 2061 sonitus
404 2031 606 2072 spumante
628 2025 707 2061 salo
723 2038 733 2071 3
765 2025 919 2072 iamque
941 2037 1028 2061 arva
1048 2024 1245 2070 tenebant,

156 2090 401 2137 ardentisque
423 2090 556 2126 oculos
578 2089 727 2126 suffecti
748 2090 932 2138 sanguine
954 2095 992 2126 et
1013 2089 1101 2137 igni,

156 2155 264 2192 sibila
283 2154 502 2191 lambebant
523 2155 658 2203 linguis
680 2155 914 2192 vibrantibus
934 2166 1012 2192 ora.

159 2219 385 2267 Diffugimus
406 2219 485 2255 visu
507 2231 719 2267 exsangues
738 2234 743 2255 z
777 2219 826 2256 illi
847 2219 1000 2267 agmine
1022 2226 1129 2256 certo

158 2284 381 2321 Laocoonta
402 2290 537 2331 petunt
554 2297 562 2329 ;
594 2290 631 2320 et
651 2284 815 2332 primum
837 2296 953 2332 parva
972 2283 1137 2321 duorum

157 2361 320 2397 corpora
343 2356 519 2385 natorum
542 2361 699 2396 serpens
721 2349 918 2397 amplexus
941 2356 1101 2397 uterque

157 2414 338 2462 implicat,
361 2421 398 2450 et
420 2414 577 2449 miseros
599 2425 727 2449 morsu
748 2413 968 2461 depascitur
989 2420 1116 2459 artus;

157 2486 245 2527 post
266 2479 390 2526 ipsum
410 2477 550 2514 auxilio
571 2478 801 2515 subeuntem
821 2489 867 2513 ac
889 2477 964 2513 tela
985 2477 1172 2513 ferentem

744 2563 786 2584 1⁸7
801 2567 909 2601 posset.
933 2565 968 2592 R.

1502 465 1553 500 185

1504 796 1556 824 190

1504 1121 1557 1150 195

1501 1448 1558 1468 200

1503 1771 1558 1800 205

1503 2096 1559 2116 210

1499 2417 1553 2448 215
