1690 2734
183 166 224 200 V.
244 167 333 211 ¹85·]
568 206 571 211 ,
725 161 811 202 lee
841 162 1046 215 Regatta.

185 286 335 324 turbam
355 286 453 324 inter
471 287 743 335 fremitumque
765 286 868 334 Gyas
885 300 895 333 3
926 297 1044 334 quem
1065 284 1208 321 deinde
1230 285 1442 323 Cloanthus

185 351 446 400 consequitur,
467 352 603 389 melior
622 351 748 397 remis,
771 349 841 388 sed
862 349 1037 399 pondere
1058 350 1170 398 pinus

185 415 294 452 tarda
313 421 430 454 tenet.
490 417 581 453 Post
601 416 671 453 hos
691 427 818 464 aequo
839 414 1060 452 discrimine
1083 415 1210 451 Pristis

187 480 478 530 Centaurusque
499 481 627 518 locum
649 480 813 518 tendunt
834 492 1013 529 superare
1033 480 1200 528 priorem
1215 493 1225 527 ,·

185 552 223 582 et
242 557 346 582 nunc
369 546 495 583 Pristis
516 546 643 591 habet,
666 558 770 582 nunc
790 546 931 582 victam
952 545 1133 593 praeterit
1155 545 1288 594 ingens

186 610 413 656 Centaurus,
435 623 538 647 nunc
559 623 636 647 una
654 611 792 648 ambae
814 610 1030 658 iunctisque
1051 610 1222 647 feruntur

184 675 383 720 frontibus,
406 682 444 711 et
463 675 577 723 longa
597 676 746 712 sulcant
765 675 864 712 vada
884 675 984 712 salsa
1004 675 1144 712 carina.

240 740 400 787 Iamque
423 740 736 788 propinquabant
756 741 919 789 scopulo
941 747 1163 788 metamque
1185 741 1383 787 tenebant,

186 816 276 840 cum
297 804 476 852 princeps
498 804 706 853 medioque
728 806 832 854 Gyas
855 806 893 842 in
914 806 1061 854 gurgite
1083 806 1205 842 victor

185 876 377 907 rectorem
399 870 506 906 navis
528 871 735 919 compellat
756 883 852 908 voce
877 872 1114 908 Menoeten:

187 936 196 952 ‘
211 934 300 982 Quo
320 940 469 971 tantum
492 935 585 971 mihi
606 934 740 972 dexter
760 936 869 973 abis?
928 937 1018 972 Huc
1040 935 1160 984 dirige
1180 949 1351 985 gressum
1370 951 1378 982 3

186 999 271 1036 litus
293 1011 391 1045 ama,
413 1006 451 1036 et
471 999 596 1036 laevas
617 1001 774 1049 stringat
795 1001 876 1038 sine
897 1001 1066 1050 palmula
1086 1008 1218 1038 cautes
1234 1015 1243 1048 3

186 1065 303 1101 altum
325 1064 386 1101 alii
406 1066 589 1102 teneant.’
648 1066 780 1112 Dixit,
810 1065 879 1102 sed
901 1078 1019 1102 caeca
1040 1067 1245 1103 Menoetes

186 1142 277 1167 saxa
296 1130 437 1167 timens
457 1142 610 1178 proram
631 1130 756 1179 pelagi
778 1130 982 1179 detorquet
1002 1131 1052 1167 ad
1073 1130 1210 1168 undas.

189 1197 198 1214 ‘
213 1195 302 1243 Quo
323 1194 494 1232 diversus
515 1195 624 1232 abis?
642 1196 648 1211 ’
670 1195 807 1232 iterum
831 1197 944 1232 ‘Pete
965 1208 1066 1241 saxa,
1090 1197 1275 1233 Menoete
1297 1197 1322 1233 1'

188 1273 278 1297 cum
299 1261 465 1298 clamore
487 1261 591 1309 Gyas
612 1261 818 1297 revocabat
833 1274 844 1307 5
876 1267 913 1297 et
933 1273 1027 1297 ecce
1048 1261 1282 1298 Cloanthum

187 1327 342 1375 respicit
362 1327 567 1363 instantem
590 1333 709 1374 tergo,
732 1332 769 1362 et
789 1326 969 1374 propiora
989 1333 1199 1363 tenentem.

189 1392 258 1429 Ille
280 1392 377 1429 inter
395 1404 611 1441 navemque
635 1392 744 1440 Gyae
765 1392 1023 1440 scopulosque
1045 1398 1226 1429 sonantes

187 1456 286 1494 radit
305 1457 375 1494 iter
394 1457 544 1494 laevum
566 1457 732 1502 interior,
755 1457 960 1505 subitoque
981 1457 1148 1505 priorem

188 1523 378 1571 praeterit,
401 1529 438 1560 et
459 1523 568 1560 metis
590 1529 695 1560 tenet
717 1535 885 1571 aequora
905 1528 986 1559 tuta
1006 1522 1157 1560 relictis.

187 1588 287 1624 Tum
308 1600 398 1625 vero
420 1588 557 1625 exarsit
578 1588 705 1625 iuveni
729 1588 843 1626 dolor
863 1588 1013 1625 ossibus
1036 1588 1181 1636 ingens,

187 1664 261 1689 nec
282 1652 444 1690 lacrimis
466 1665 622 1690 caruere
642 1665 776 1702 genae,
800 1666 1037 1702 segnemque
1060 1655 1288 1700 Menoeten,

188 1716 326 1754 oblitus
347 1717 576 1766 decorisque
597 1719 653 1756 sui
674 1719 901 1768 sociumque
923 1720 1065 1765 salutis,

188 1781 226 1818 in
247 1794 350 1818 mare
371 1783 622 1831 praecipitem
644 1784 766 1833 puppi
788 1783 966 1821 deturbat
986 1786 1034 1823 ab
1054 1786 1155 1832 alta;

188 1845 270 1894 ipse
291 1846 524 1894 gubernaclo
547 1855 672 1884 rector
692 1849 803 1893 subit,
825 1849 906 1897 ipse
928 1851 1118 1898 magister,

189 1909 435 1960 hortaturque
456 1912 567 1956 viros,
591 1912 820 1961 clavumque
842 1913 891 1950 ad
912 1914 1020 1951 litora
1040 1922 1205 1965 torquet.

190 1977 239 2012 At
258 1976 392 2024 gravis,
413 1983 454 2013 ut
474 1976 595 2013 fundo
616 1977 678 2013 vix
697 1977 854 2015 tandem
877 1978 1050 2017 redditus
1072 1981 1150 2018 imo
1172 1989 1240 2028 est,

189 2039 265 2077 iam
286 2041 415 2078 senior
434 2041 671 2090 madidaque
694 2042 813 2079 fluens
835 2043 872 2080 in
894 2051 998 2082 veste
1022 2046 1227 2084 Menoetes

191 2117 340 2142 summa
359 2106 454 2154 petit
475 2107 623 2155 scopuli
645 2107 826 2155 siccaque
848 2108 885 2145 in
906 2121 1001 2158 rupe
1021 2110 1176 2149 resedit.

192 2170 302 2207 Illum
323 2177 362 2206 et
381 2170 574 2208 labentem
594 2171 735 2208 Teucri
757 2178 794 2208 et
814 2172 928 2209 risere
949 2181 1160 2221 natantem,

191 2240 229 2270 et
249 2234 366 2271 salsos
387 2234 512 2272 rident
531 2243 796 2273 revomantem
817 2244 975 2285 pectore
996 2238 1146 2278 fluctus.

247 2299 325 2336 Hic
345 2299 444 2336 laeta
464 2301 643 2338 extremis
664 2313 751 2349 spes
772 2308 828 2338 est
848 2314 1015 2340 accensa
1035 2303 1200 2352 duobus,

192 2362 368 2411 Sergesto
390 2364 677 2413 Mnestheique,
700 2366 812 2414 Gyan
834 2379 1012 2415 superare
1034 2377 1261 2408 morantem.

193 2426 388 2475 Sergestus
410 2429 514 2477 capit
533 2436 622 2466 ante
643 2429 773 2466 locum
794 2432 1034 2481 scopuloque
1055 2435 1300 2483 propinquat,

409 2511 452 2533 1⁶²
467 2513 583 2550 derzge.
605 2514 641 2543 R.
798 2515 843 2536 163
859 2516 957 2545 laeva.
981 2518 1017 2546 R.
1159 2519 1202 2540 184
1217 2521 1364 2549 Mnestlu'.

1510 175 1586 215 133

1538 487 1590 516 155

1536 805 1590 832 160

1539 1130 1591 1166 165

1540 1464 1593 1492 170

1540 1793 1593 1823 175

1543 2112 1596 2139 180

1542 2434 1595 2469 185
