1690 2734
199 214 238 245 V.
261 214 348 255 ¹17·]
697 208 892 248 szeral
924 208 1093 249 Games.

198 343 272 368 nec
292 337 421 368 tecum
443 331 658 368 Ausonium
686 331 941 379 (quicumque
963 332 1040 379 est)
1067 344 1250 380 quaerere
1271 333 1481 381 Thybrim)

253 396 411 432 Dixerat
431 396 540 441 haec,
562 395 685 444 adytis
707 408 796 432 cum
818 396 982 433 lubricus
1003 397 1136 445 anguis
1158 397 1205 434 ab
1228 398 1310 434 imis

198 467 347 509 septem
368 461 503 509 ingens
523 473 649 509 gyros,
672 467 833 509 septena
853 461 1047 498 volumina
1067 462 1189 507 traxit,

197 525 396 573 amplexus
418 525 571 574 placide
592 526 780 562 tumulum
803 526 1007 574 lapsusque
1030 538 1099 575 per
1120 539 1213 573 aras,

197 590 396 627 caeruleae
418 591 480 627 cui
502 597 608 639 terga
629 598 755 636 notae,
778 591 996 628 maculosus
1018 598 1056 628 et
1077 604 1169 629 auro

197 667 399 704 squamam
420 655 655 692 incendebat
676 655 810 703 fulgor,
834 667 906 692 ceu
928 656 1092 694 nubibus
1113 669 1222 694 arcus

197 720 296 757 mille
318 720 407 757 iacit
427 721 548 757 varios
570 720 833 772 adverso-sole
854 720 1015 758 colores.

198 785 394 834 Obstipuit
414 786 494 822 visu
517 787 679 822 Aeneas.
740 785 808 822 Ille
831 786 983 833 agmine
1006 787 1140 836 longor

196 850 355 887 tandem
378 851 475 887 inter
495 857 645 899 pateras
667 856 705 886 et
727 850 823 887 levia
844 852 984 900 pocula
1005 864 1162 901 serpens

196 916 401 964 libavitque
423 915 556 964 dapes,
577 927 781 963 rursusque
807 916 985 954 innoxius
1007 917 1099 955 imor

196 982 380 1019 successit
401 981 560 1026 tumulo,
583 987 620 1017 et
642 980 804 1029 depasta
827 982 956 1018 altaria
976 982 1094 1030 liquit.

199 1048 290 1085 Hoc
312 1047 430 1095 magis
452 1047 628 1094 inceptos
651 1046 813 1094 genitori
836 1046 1016 1083 instaurat
1038 1047 1216 1093 honores,

196 1113 376 1158 incertus,
397 1112 604 1161 geniumne
626 1111 700 1147 loci
722 1111 957 1148 famulumne
979 1113 1144 1160 parentis

197 1190 280 1215 esse
301 1185 433 1227 putet:
467 1177 595 1214 caedit
617 1177 725 1213 binas
747 1176 796 1213 de
819 1189 925 1214 more
946 1177 1135 1224 bidentes,

198 1250 330 1292 totque
352 1255 451 1289 sues,
472 1241 635 1279 totidem
658 1242 840 1290 nigrantis
863 1249 967 1290 terga
988 1243 1168 1280 iuvencos
1186 1257 1193 1289 3

198 1309 360 1356 vinaque
381 1307 568 1345 fundebat
589 1308 741 1355 pateris,
765 1308 1010 1356 animamque
1032 1309 1195 1345 vocabat

199 1374 389 1411 Anchisae
411 1373 539 1422 magni
562 1373 768 1421 Manisque
790 1372 1008 1409 Acheronte
1030 1373 1221 1411 remissos.

199 1439 285 1476 Nec
306 1451 384 1475 non
406 1445 444 1475 et
464 1438 571 1484 socii,
593 1449 692 1486 quae
715 1438 856 1485 cuique
879 1444 934 1474 est
956 1438 1081 1486 copia,
1102 1438 1190 1475 laeti

199 1503 304 1541 dona
324 1504 460 1549 ferunt,
482 1509 644 1540 onerant
664 1515 758 1548 aras,
782 1509 1028 1551 mactantque
1050 1503 1233 1540 iuvencos
1251 1518 1260 1550 3

198 1569 332 1606 ordine
354 1569 451 1606 a'ena
471 1569 601 1605 locant
622 1568 696 1614 alii,
720 1568 869 1616 fusique
890 1580 959 1616 per
979 1568 1137 1605 herbam

197 1634 391 1672 subiciunt
411 1634 560 1671 veribus
581 1645 722 1682 prunas
743 1640 781 1670 et
801 1634 948 1670 viscera
967 1640 1122 1671 torrent.

253 1701 489 1748 Exspectata
509 1698 592 1736 dies
613 1698 758 1745 aderat,
781 1711 1003 1747 nonamque
1024 1711 1159 1736 serena

199 1766 382 1802 Auroram
407 1764 656 1801 Phaethontis
678 1763 766 1812 equi
790 1764 863 1800 iarn
885 1764 971 1801 luce
991 1764 1196 1810 vehebant,

198 1829 377 1878 famaque
398 1829 580 1866 finitimos
604 1835 642 1866 et
663 1829 753 1865 clari
775 1841 918 1865 nomen
940 1830 1102 1866 Acestae

198 1895 390 1940 excierat;
421 1894 522 1931 laeto
544 1894 782 1942 complerant
804 1894 914 1930 litora
935 1900 1061 1939 coetu,

197 1959 310 1996 visuri
332 1958 546 2004 Aeneadas,
569 1971 655 2007 pars
678 1965 715 1995 et
736 1965 882 1994 certare
904 1959 1035 2007 parati.

200 2025 364 2061 Munera
383 2024 574 2073 principio
594 2030 682 2060 ante
705 2024 839 2060 oculos
862 2024 1045 2071 circoque
1066 2023 1241 2061 10cantur

199 2089 238 2126 in
258 2088 400 2135 medio,
422 2089 519 2126 sacri
540 2088 712 2137 tripodes
733 2088 950 2136 viridesque
972 2101 1151 2133 coronae,

200 2159 236 2190 et
257 2154 407 2202 palmae
428 2154 594 2203 pretium
614 2153 835 2199 victoribus,
857 2165 1038 2201 armaque
1060 2159 1097 2190 et
1118 2160 1221 2191 ostro

198 2219 372 2267 perfusae
392 2225 528 2265 vestes,
551 2218 696 2267 argenti
717 2219 875 2266 aurique
897 2218 1038 2255 talenta
1053 2232 1062 2265 3

199 2289 237 2320 et
256 2284 348 2321 tuba
368 2284 596 2321 commissos
617 2283 747 2320 medio
768 2283 872 2320 canit
892 2295 1030 2331 aggere
1051 2283 1173 2320 ludos.

256 2349 380 2385 Prima
398 2361 509 2397 pares
530 2349 663 2385 ineunt
683 2348 858 2396 gravibus
879 2348 1090 2384 certamina
1109 2348 1223 2384 remis

201 2419 380 2460 quattuor
399 2425 447 2449 ex
467 2413 573 2449 omni
593 2412 769 2449 delectae
791 2412 910 2449 classe
932 2413 1095 2449 carinae.

202 2478 387 2514 Velocem
410 2477 637 2514 Mnestheus
657 2477 733 2525 agit
753 2477 829 2513 acri
850 2477 993 2525 remige
1019 2479 1186 2523 l'rislz'm,

204 2541 433 2578 mox'Italus
456 2541 694 2586 Mnestheus,
717 2553 837 2589 genus
860 2553 881 2576 a
901 2553 979 2589 quo
1002 2542 1159 2577 nomine
1183 2542 1371 2587 Memmi,

1520 224 1591 264 131

1563 798 1601 825 90

1562 1123 1598 1151 95

1540 1447 1598 1468 100

1545 1772 1597 1801 105

1546 2097 1598 2116 110

1545 2419 1596 2447 115
