1690 2734
134 194 191 225 IV.
211 193 304 234 463]
489 187 557 227 AE
559 200 663 226 neas
694 186 910 227 Remmius
940 186 1172 228 Umnoved.

133 315 332 358 exspectet
352 308 581 357 facilemque
604 309 732 357 fugam
755 315 968 357 ventosque
991 309 1158 346 ferentis.

135 375 226 412 Non
248 375 322 411 iam
344 374 566 422 coniugium
588 374 800 422 antiquum,
822 373 929 422 quod
950 374 1133 421 prodidit,
1156 386 1238 419 oro,

134 451 205 476 nec
227 439 360 487 pulcro
382 446 421 476 ut
444 439 553 475 Latio
576 445 702 475 careat
722 450 960 486 regnumque
982 439 1169 486 relinquat
1187 453 1193 475 :

133 512 285 552 tempus
305 504 418 540 inane
439 511 543 552 peto,
565 504 737 551 requiem
759 503 1002 551 spatiumque
1024 503 1150 549 furori,

133 569 226 606 dum
248 580 334 605 mea
355 581 415 605 me
438 569 576 605 victam
598 568 738 604 doceat
759 568 909 604 fortuna
930 568 1073 605 dolere.

135 635 357 670 Extremam
379 634 478 670 hanc
499 646 567 670 oro
588 633 739 669 veniam
754 655 805 659 —
821 633 1000 669 miserere
1022 634 1160 670 sororis
1175 655 1226 660 —

134 711 248 747 quam
270 698 360 734 mihi
383 711 473 734 cum
494 697 657 743 dederit,
679 698 913 734 cumulatam
936 705 1058 734 morte
1081 699 1297 736 remittam.'

186 764 343 800 Talibus
364 763 508 808 orabat,
531 763 691 811 talisque
714 763 924 799 miserrima
945 763 1054 800 fletus

134 828 281 876 fertque
302 828 492 876 refertque
514 840 642 864 soror:
675 827 745 864 sed
766 828 876 865 nullis
899 828 959 865 ille
982 835 1158 865 movetur

135 893 296 938 fletibus,
317 900 382 929 aut
401 905 517 929 voces
539 893 632 929 ullas
653 893 860 930 tractabilis
881 893 1012 938 audit;
1041 931 1045 935 ,

136 959 211 994 fata
230 958 395 1003 obstant,
417 958 667 1006 placidasque
689 959 755 995 viri
777 958 872 995 deus
894 959 1054 996 obstruit
1075 959 1186 996 auris.

136 1025 205 1068 Ac,
226 1023 329 1059 velut
348 1035 498 1060 annoso
522 1023 689 1060 validam
710 1037 799 1060 cum
821 1024 959 1060 robore
980 1036 1166 1071 quercum

136 1088 263 1136 Alpini
286 1089 431 1124 Boreae
453 1101 558 1124 nunc
580 1088 670 1125 hinc
692 1101 795 1125 nunc
818 1089 967 1125 flatibus
988 1089 1090 1125 illinc

136 1165 267 1189 eruere
289 1153 387 1189 inter
407 1165 447 1190 se
470 1161 616 1190 certant
635 1168 642 1198 ;
674 1154 701 1190 it
722 1153 873 1198 stridor,
897 1160 933 1190 et
954 1153 1050 1190 altae

139 1224 389 1254 consternunt
410 1224 547 1255 terram
569 1231 761 1255 concusso
782 1219 907 1266 stipite
929 1218 1084 1255 frondes
1101 1233 1109 1264 ;

137 1283 220 1331 ipsa
240 1282 369 1319 haeret
390 1283 570 1331 scopulis,
593 1290 642 1328 et,
666 1290 851 1331 quantum
872 1283 1013 1319 vertice
1035 1283 1084 1320 ad
1105 1296 1214 1321 auras

137 1347 337 1393 aetherias,
360 1354 508 1385 tantum
529 1348 658 1384 radice
680 1348 718 1384 in
738 1349 895 1384 Tartara
914 1347 1039 1384 tendit
1056 1362 1063 1384 :

138 1411 241 1449 haud
262 1424 373 1449 secus
395 1412 567 1460 adsiduis
588 1412 678 1449 hinc
699 1419 813 1460 atque
835 1413 926 1450 hinc
947 1413 1106 1449 vocibus
1130 1414 1242 1451 heros

137 1477 320 1523 tunditur,
342 1484 380 1514 et
401 1490 542 1526 magno
563 1478 748 1526 persentit
768 1485 926 1526 pectore
949 1490 1082 1524 curas3

138 1554 248 1579 mens
269 1543 429 1579 immota
449 1549 578 1579 manet
595 1557 603 1588 3
634 1543 812 1579 lacrimae
834 1543 1038 1579 volvuntur
1058 1543 1205 1580 inanes.

190 1609 293 1644 Tum
313 1619 402 1644 vero
424 1608 552 1644 infelix
572 1608 655 1644 fatis
677 1608 853 1644 exterrita
875 1607 979 1644 Dido

138 1682 303 1710 mortem
323 1680 407 1710 orat
424 1687 432 1719 ;
462 1672 593 1710 taedet
613 1673 708 1710 caeli
730 1685 904 1710 convexa
924 1674 1032 1710 tueri.

143 1739 233 1787 Quo
253 1739 374 1787 magis
394 1739 593 1786 inceptum
614 1745 770 1786 peragat
789 1738 994 1786 lucemque
1016 1739 1218 1787 relinquat,

140 1804 246 1849 vidit,
268 1803 479 1840 turicremis
501 1815 589 1839 cum
612 1802 715 1839 dona
736 1803 954 1851 imponeret
973 1804 1058 1848 aris,

143 1868 377 1908 horrendum
398 1868 516 1913 dictu,
539 1868 669 1904 latices
690 1869 906 1915 nigrescere
928 1880 1069 1913 sacros,

141 1936 299 1984 fusaque
321 1935 357 1971 in
380 1934 594 1971 obscenum
615 1945 654 1969 se
676 1939 821 1969 vertere
842 1933 930 1969 vina
950 1945 1138 1970 cruorem.

140 2002 232 2038 Hoc
253 2000 374 2037 visum
396 1999 499 2044 nulli,
520 2010 598 2035 non
620 1998 691 2046 ipsi
713 1997 826 2034 effata
846 1998 976 2034 sorori.

141 2067 342 2103 Praeterea
362 2065 430 2102 fuit
453 2065 489 2101 in
510 2063 621 2100 tectis
642 2062 691 2099 de
714 2074 903 2099 marmore
924 2063 1115 2111 templum

139 2131 312 2179 coniugis
334 2130 492 2178 antiqui,
515 2129 612 2166 miro
633 2127 740 2177 quod
762 2128 908 2164 honore
930 2128 1094 2173 colebat,

140 2195 339 2233 velleribus
360 2195 480 2232 niveis
502 2201 540 2231 et
560 2194 656 2231 festa
676 2193 812 2230 fronde
834 2193 1046 2230 revinctum
1065 2207 1072 2230 :

140 2260 230 2296 hinc
251 2259 421 2297 exaudiri
442 2271 557 2296 voces
579 2266 616 2296 et
636 2260 753 2296 verba
772 2258 946 2295 vocantis

139 2324 219 2361 visa
238 2325 316 2370 viri,
338 2337 416 2361 nox
437 2336 524 2360 cum
546 2330 664 2361 terras
685 2324 850 2361 obscura
869 2329 1016 2360 teneret
1033 2336 1043 2369 3

141 2389 298 2436 solaque
319 2389 548 2426 culminibus
570 2389 674 2425 ferali
696 2389 865 2425 carmine
886 2388 992 2425 bubo

142 2465 257 2502 saepe
278 2453 385 2501 queri
407 2461 443 2490 et
463 2454 597 2502 longas
618 2454 656 2490 in
677 2453 807 2490 fletum
829 2452 972 2489 ducere
994 2465 1110 2489 voces
1127 2467 1137 2499 ;

372 2537 412 2558 431
429 2538 578 2574 antiqum.
621 2537 655 2565 R.
908 2537 950 2558 436
966 2541 1085 2570 monle:
1108 2537 1152 2557 ⁴¹³⁹
1167 2538 1250 2565 haut.
1275 2538 1310 2565 R.

1456 199 1534 240 119

1481 318 1536 345 430

1480 642 1536 670 435

1482 1292 1538 1320 445

1485 1617 1542 1645 450

1485 1923 1542 1971 45'5

1484 2259 1541 2294 460
