1690 2734
184 197 264 227 ECL.
283 199 378 241 V11.]
752 190 991 230 Melz‘boeus.
1532 202 1580 243 19

689 336 948 373 ECLOGUE
986 336 1078 372 VII.

238 433 327 466 THIS
344 435 371 465 is
388 445 407 465 a
425 434 547 474 strictly
564 432 694 466 bucolic
712 445 822 476 poem,
838 434 985 464 imitated
1004 434 1087 464 from
1106 434 1161 464 the
1179 433 1263 463 sixth
1282 433 1355 474 Idyl
1372 432 1410 464 of
1422 432 1579 464 Theocri-

181 495 242 521 tus,
286 490 358 520 The
387 490 565 520 herdsman
597 491 773 521 Meliboeus
803 489 921 520 relates
951 499 969 518 a
998 493 1126 518 contest
1158 488 1191 518 in
1219 498 1312 518 verse
1345 488 1495 519 between
1524 488 1579 518 the

181 543 364 586 shepherds
382 544 536 584 Corydon
554 545 620 576 and
640 545 773 585 Thyrsis
791 544 868 574 with
892 544 1045 584 Daphnis
1071 543 1121 574 sor
1147 543 1283 584 umpire.
1332 543 1404 573 The
1430 553 1528 573 scene
1553 543 1579 573 is

180 599 372 641 apparently
391 599 458 630 laid
475 599 508 630 in
528 600 583 631 the
601 600 747 647 pastoral
765 600 881 639 region
900 599 937 629 of
958 598 1065 629 North
1085 598 1180 638 Italy.
1227 598 1298 628 The
1322 598 1397 628 date
1423 597 1580 637 assigned

180 660 212 685 to
229 655 252 685 it
269 654 295 684 is
313 662 373 684 nc.
393 653 444 694 38.

527 755 746 781 MELIBOEUS.
805 754 1004 781 CORYDON.
1063 754 1236 780 THYRSIS.

279 831 390 867 ORT
395 832 426 867 E
448 831 518 867 sub
539 838 672 879 arguta
692 831 922 868 consederat
944 831 1028 868 ilice
1051 830 1240 879 Daphnis,

305 895 650 944 compulerantque
671 909 806 945 greges
828 896 1013 944 Corydon
1035 903 1071 932 et
1091 896 1246 944 Thyrsis
1268 896 1306 932 in
1326 908 1459 941 unum,

178 959 332 1007 Thyrsis
352 960 444 1005 ovis,
469 960 654 1009 Corydon
676 960 862 998 distentas
883 961 980 997 lacte
1003 961 1181 1009 capellas,

177 1024 292 1060 ambo
313 1024 492 1061 fiorentes
514 1026 714 1071 aetatibus,
738 1025 909 1062 Arcades
930 1026 1058 1072 ambo,

177 1094 215 1125 et
235 1095 390 1125 cantare
411 1101 534 1137 pares,
556 1096 594 1127 et
615 1090 852 1139 respondere
874 1091 1007 1139 parati.
1561 1095 1578 1125 5

231 1153 325 1190 Huc
346 1154 451 1200 mihi,
473 1154 566 1191 dum
588 1162 739 1192 teneras
761 1155 932 1192 defendo
952 1169 975 1192 a
995 1156 1131 1204 frigore
1154 1162 1308 1204 myrtos,

176 1218 232 1255 vir
251 1219 374 1267 gregis
394 1219 475 1267 ipse
497 1232 613 1268 caper
633 1220 874 1257 deerraverat
890 1235 900 1267 3
930 1227 1045 1269 atque
1067 1233 1139 1269 ego
1162 1220 1361 1269 Daphnim

176 1284 335 1332 aspicio.
395 1284 461 1320 Ille
483 1285 548 1321 ubi
569 1297 631 1321 me
653 1293 787 1322 contra
808 1285 936 1322 videt:
972 1286 1141 1324 ‘Ocius'
1163 1286 1285 1333 inquit

178 1350 187 1366 ‘
201 1348 276 1385 huc
298 1347 402 1394 ades,
427 1349 462 1386 O
485 1349 692 1395 Meliboee,
712 1363 831 1398 caper
850 1351 918 1387 tibi
939 1351 1061 1387 salvus
1083 1357 1120 1387 et
1141 1350 1282 1397 haedi3

177 1419 226 1459 et,
248 1413 277 1450 si
298 1413 390 1462 quid
413 1426 562 1451 cessare
583 1421 707 1462 potes,
731 1416 931 1463 requiesce
957 1416 1027 1452 sub
1048 1416 1194 1453 umbra.
1544 1438 1578 1457 10

179 1479 271 1515 Huc
291 1479 362 1526 ipsi
383 1485 519 1526 potum
540 1480 694 1516 venient
715 1492 784 1528 per
804 1487 911 1528 prata
931 1481 1093 1526 iuvenci,

177 1542 239 1579 hic
259 1543 386 1580 viridis
407 1550 539 1580 tenera
558 1545 745 1592 praetexit
766 1545 953 1582 arundine
975 1546 1074 1593 ripas

178 1608 358 1654 Mincius,
381 1620 479 1657 eque
501 1621 608 1646 sacra
627 1617 810 1646 resonant
832 1611 1010 1646 examina
1030 1612 1200 1658 quercu.’

230 1672 336 1720 Quid
356 1674 552 1711 facerem?
596 1675 734 1723 Neque
757 1687 830 1724 ego
853 1676 1057 1724 Alcippen,
1079 1688 1153 1712 nec
1176 1675 1350 1724 Phyllida
1369 1675 1575 1721 habebam,

176 1737 358 1786 depulsos
380 1750 401 1774 a
420 1739 518 1775 lacte
540 1738 648 1776 domi
668 1752 768 1788 quae
791 1741 988 1778 clauderet
1009 1754 1140 1789 agnOS,
1544 1761 1576 1791 15

177 1809 214 1839 et
235 1809 430 1840 certamen
452 1811 542 1849 erat,
566 1804 751 1853 Corydon
774 1818 862 1842 cum
886 1806 1088 1854 Thyrside,
1111 1818 1305 1854 magnum.

178 1868 385 1904 Posthabui
406 1875 536 1904 tamen
558 1869 706 1906 illorum
729 1883 816 1907 mea
837 1872 932 1907 seria
952 1871 1044 1907 ludo
1062 1886 1069 1907 τ

175 1932 328 1969 alternis
349 1933 459 1980 igitur
479 1933 717 1971 contendere
742 1936 911 1972 versibus
933 1936 1048 1972 ambo

175 2009 365 2045 coepere;
398 1998 563 2034 alternos
588 2000 723 2036 Musae
748 2000 968 2036 meminisse
989 2000 1181 2037 volebant.

176 2063 262 2099 Hos
285 2062 481 2111 Corydon,
503 2063 584 2100 illos
607 2065 795 2101 referebat
817 2065 854 2101 in
876 2065 1011 2101 ordine
1031 2065 1198 2113 Thyrsis.
1541 2089 1577 2108 20

182 2127 226 2166 C.
269 2128 488 2176 Nymphae,
511 2136 640 2166 noster
661 2143 780 2174 amor,
805 2130 1060 2176 Libethrides,
1082 2138 1146 2167 aut
1167 2131 1259 2167 mihi
1280 2143 1449 2177 carmen,

175 2192 285 2240 quale
311 2204 399 2229 meo
421 2193 565 2239 Codro,
591 2194 796 2231 concedite
815 2209 821 2231 :
854 2195 1029 2243 proxima
1051 2195 1198 2232 Phoebi

175 2256 344 2293 versibus
366 2257 425 2293 ille
448 2258 562 2305 facit,
592 2266 668 2304 aut,
691 2260 720 2296 si
741 2272 821 2296 non
842 2272 1047 2307 possumus
1068 2272 1216 2306 omnes,

175 2320 237 2356 hic
257 2328 389 2370 arguta
409 2335 516 2359 sacra
537 2323 724 2371 pendebit
745 2324 868 2361 fistula
888 2325 993 2373 pinu.

179 2386 221 2422 T.
263 2387 451 2433 Pastores,
475 2387 619 2425 hedera
639 2396 879 2426 crescentem
901 2396 1034 2426 ornate
1055 2390 1225 2438 poetam,
1540 2411 1575 2441 25

271 2520 284 2541 7
301 2522 459 2558 Daphnin.
484 2522 525 2550 H.
626 2522 652 2542 ¹²³·
667 2523 853 2552 harundine.
877 2524 913 2552 R.
1027 2523 1056 2543 2⁵
1073 2524 1165 2552 edera
1181 2525 1231 2558 (as
1246 2524 1387 2561 always).
1417 2525 1453 2554 R.
