1690 2734
164 199 337 241 111.187.]
581 194 618 234 A
654 194 897 235 Pestilence
928 196 974 235 in
1010 195 1138 238 Crete.

165 322 246 352 tum
266 317 321 354 sic
342 316 460 353 adfari
483 323 520 353 e't
541 329 649 354 curas
672 316 727 353 his
749 317 904 354 demere
926 318 1038 355 dictis
1056 333 1062 355 :

166 380 309 428 ‘Quod
330 381 397 418 tibi
418 381 547 418 delato
569 383 766 430 Ortygiam
787 382 957 419 dicturus
979 384 1117 432 Apollo
1138 391 1208 431 est,

164 444 227 482 hic
249 446 363 491 canit,
385 452 423 482 et
443 453 508 483 tua
528 459 598 483 nos
620 459 667 483 en
689 447 786 483 ultro
807 447 856 483 ad
878 448 1010 484 limina
1030 450 1153 492 mittit.

166 510 248 547 Nos
270 517 319 556 te,
343 510 540 548 Dardania
560 512 730 557 incensa,
752 518 894 560 tuaque
915 525 1020 549 arma
1041 515 1174 559 secuti,

164 587 235 612 nos
255 575 447 612 tumidum
470 577 541 613 sub
563 583 599 613 te
620 577 814 624 permensi
838 577 1020 614 classibus
1043 591 1198 627 aequor,

164 640 270 676 idem
290 647 470 678 venturos
491 641 667 678 tollemus
689 642 726 678 in
747 649 845 678 astra
868 650 1042 690 nepotes,

165 705 446 753 imperiumque
467 706 548 742 urbi
570 706 747 743 dabimus
766 720 772 742 :
805 713 844 742 tu
867 709 1021 744 moenia
1042 711 1188 758 magnis

165 782 304 818 magna
325 782 428 818 para,
450 771 685 819 longumque
707 771 818 819 fugae
842 784 890 807 ne
913 773 1042 821 linque
1065 775 1248 812 laborem.

166 835 380 872 Mutandae
402 835 514 872 sedes
533 849 539 872 :
572 847 650 872 non
673 835 768 871 haec
792 836 859 872 tibi
882 837 989 874 litora
1009 840 1125 876 suasit

166 901 311 946 Delius,
334 908 400 938 aut
421 901 559 938 Cretae
582 902 688 938 iussit
709 903 912 940 considere
934 905 1084 952 Apollo.

166 968 234 1004 Est
255 967 374 1012 locus,
399 967 631 1014 Hesperiam
654 968 742 1004 Grai
770 969 1003 1016 cognomine
1026 969 1171 1014 dicunt,

164 1039 263 1069 terra
283 1033 450 1079 antiqua,
472 1037 610 1079 potens
633 1033 745 1068 armis
770 1039 884 1080 atque
906 1033 1024 1070 ubere
1046 1035 1203 1082 glaebae
1222 1050 1230 1081 ς

165 1098 326 1135 Oenotri
348 1097 501 1133 coluere
522 1097 615 1143 viri3
647 1109 750 1133 nunc
773 1098 874 1134 sama
896 1099 1062 1135 minores

166 1164 315 1201 Italiam
338 1163 478 1199 dixisse
500 1162 610 1199 ducis
632 1163 682 1199 de
704 1163 862 1199 nomine
885 1170 1039 1211 gentem
1059 1178 1064 1200 :

165 1229 236 1265 hae
258 1229 367 1265 nobis
390 1228 565 1277 propriae
588 1228 728 1273 sedes;
761 1228 851 1264 hinc
875 1228 1078 1265 Dardanus
1100 1237 1215 1275 ortus,

167 1295 365 1342 Iasiusque
387 1300 505 1342 pater,
527 1305 647 1341 genus
669 1306 691 1329 a
711 1305 789 1341 quo
811 1293 983 1341 principe
1005 1302 1188 1332 nostrum.

166 1361 281 1408 Surge
304 1372 385 1407 age,
409 1366 446 1395 et
468 1359 563 1395 haec
585 1359 704 1394 laetus
727 1358 915 1406 longaevo
941 1358 1045 1394 dicta
1068 1362 1213 1407 parenti

165 1424 269 1462 haud
290 1423 505 1461 dubitanda
524 1424 644 1459 refer:
678 1423 891 1471 Corythum
912 1430 1106 1472 terrasque
1128 1427 1292 1473 requirat

164 1490 353 1528 Ausonias
369 1503 378 1536 5
413 1490 577 1526 Dictaea
596 1495 710 1536 negat
732 1488 799 1525 tibi
822 1489 996 1536 Iuppiter
1015 1491 1128 1526 arva)

217 1555 373 1593 Talibus
394 1555 578 1591 attonitus
599 1554 686 1590 visis
708 1560 745 1589 et
765 1566 860 1590 voce
882 1553 1045 1590 deorum
1061 1577 1112 1580 —

164 1634 239 1659 nec
259 1633 376 1670 sopor
397 1620 488 1657 illud
510 1627 600 1665 erat,
623 1619 691 1656 sed
715 1631 844 1656 coram
866 1619 1105 1667 adgnoscere
1127 1621 1250 1658 voltus

164 1688 383 1735 velatasque
406 1698 537 1723 comas
558 1685 850 1733 praesentiaque
872 1696 938 1720 ora
959 1684 1116 1721 videbar
1133 1699 1140 1729 ;

165 1759 246 1789 tum
267 1752 416 1801 gelidus
436 1758 518 1788 toto
539 1751 719 1788 manabat
741 1761 903 1797 corpore
925 1749 1106 1786 sudor—

166 1817 330 1866 corripio
351 1829 371 1854 e
393 1817 515 1854 stratis
537 1829 688 1865 corpus,
714 1815 912 1862 tendoque
935 1815 1088 1863 supinas

166 1882 215 1919 ad
237 1883 386 1920 caelum
408 1896 496 1919 cum
517 1895 613 1920 voce
636 1895 783 1926 manus,
808 1888 844 1917 et
866 1892 1023 1916 munera
1045 1880 1121 1916 libo

166 1949 392 1985 intemerata
412 1949 519 1985 focis.
580 1948 755 1985 Perfecto
779 1947 900 1983 laetus
923 1945 1067 1982 bonore

166 2013 362 2050 Anchisen
383 2014 483 2050 facio
505 2020 664 2057 certum,
687 2024 846 2060 remque
870 2011 1005 2047 ordine
1027 2010 1169 2059 pando.

166 2078 361 2127 Adgnovit
381 2079 529 2127 prolem
550 2078 768 2126 ambiguam
793 2077 1045 2125 geminosque
1068 2083 1258 2124 parentes,

167 2155 285 2191 seque
306 2155 408 2180 novo
429 2150 601 2180 veterum
622 2142 832 2191 deceptum
854 2155 979 2179 errore
1003 2143 1189 2178 locorum.

167 2210 265 2245 Tum
288 2214 500 2245 memorat:
534 2210 542 2226 ‘
558 2209 672 2252 Nate,
698 2208 824 2244 Iliacis
846 2208 1011 2243 exercite
1034 2207 1129 2250 fatis,

167 2274 248 2310 sola
269 2273 361 2310 mihi
382 2273 465 2310 talis
486 2285 596 2310 casus
618 2272 836 2310 Cassandra
857 2272 1032 2309 canebat.

169 2339 285 2375 Nunc
305 2344 439 2386 repeto
461 2338 556 2375 haec
578 2338 707 2386 generi
729 2337 962 2386 portendere
984 2337 1116 2374 debita
1137 2343 1279 2377 nostro,

168 2410 206 2439 et
226 2415 342 2451 saepe
368 2403 610 2451 Hesperiam,
634 2415 749 2451 saepe
774 2402 868 2439 Itala
888 2414 1006 2450 regna
1025 2414 1176 2439 vocare.

169 2467 245 2505 Sed
266 2467 349 2515 quis
372 2467 420 2503 ad
444 2468 658 2515 Hesperiae
679 2474 858 2503 venturos
882 2467 990 2503 litora
1011 2467 1182 2502 Teucros

170 2530 356 2577 crederet,
377 2538 441 2568 aut
461 2544 577 2580 quem
599 2538 680 2568 tum
700 2537 804 2566 vates
827 2529 1045 2566 Cassandra
1068 2530 1265 2565 moveret?

1512 458 1564 487 155

1512 775 1564 802 160

1513 1104 1564 1140 165

1515 1436 1567 1464 170

1514 1761 1566 1790 175

1516 2079 1568 2105 180
