1690 2734
91 177 150 208 v1.
171 177 260 218 701.]
406 169 491 209 The
523 159 707 222 Elysiafi
740 168 886 209 Fields
901 185 915 209 .·
960 170 1184 212 Anchises.

92 295 297 332 Musaeum
319 301 407 332 ante
427 306 574 339 omnes,
597 293 769 330 medium
790 305 880 330 nam
901 293 1067 342 plurima
1086 294 1195 331 turba

91 358 194 395 hunc
215 359 342 405 habet,
367 366 482 407 atque
517 356 658 394 umeris
687 364 902 395 exstantem
923 359 1081 407 suspicit
1102 359 1208 396 altis:

91 425 100 441 ‘
114 423 257 469 Dicite,
279 424 409 460 felices
430 425 592 468 animae,
615 430 745 470 tuque,
767 423 915 471 optime
936 431 1053 468 vates,

90 500 188 537 quae
209 489 314 537 regio
335 489 542 533 Anchisen,
565 488 648 536 quis
670 487 785 524 habet
807 488 943 525 locus?
1001 489 1103 525 Illius
1125 500 1217 536 ergo

88 554 276 599 venimus,
297 560 335 590 et
357 566 516 601 magnos
539 553 652 590 Erebi
674 553 954 590 transnavimus
975 555 1132 590 amnes.’

89 620 215 667 Atque
237 618 327 655 huic
346 631 574 666 responsum
597 618 730 666 paucis
752 619 803 654 ita
823 618 993 655 reddidit
1015 618 1127 655 heros
1145 632 1152 656 :

90 683 218 720 ‘Nulli
239 690 345 720 certa
365 683 529 729 domus,
560 683 654 719 lucis
677 683 890 720 habitamus
911 684 1057 732 opacis,

88 749 334 797 riparumque
355 754 458 784 toros
479 754 516 784 et
537 754 644 796 prata
663 749 834 784 recentia
854 749 939 785 rivis

88 812 304 849 incolimus.
362 811 437 849 Sed
459 823 537 855 VOS,
561 812 590 848 si
612 812 681 848 fert
703 812 753 848 ita
773 812 892 849 corde
913 813 1100 859 voluntas,

89 878 162 914 hoc
184 884 361 926 superate
383 878 510 925 iugum
530 891 539 923 3
570 884 608 913 et
628 877 726 913 facili
750 878 825 914 iam
847 879 996 915 tramite
1018 879 1173 916 sistam!

90 943 207 988 Dixit,
229 949 267 979 et
287 949 376 979 ante
398 942 481 978 tulit
502 953 686 990 gressum,
709 954 948 990 camposque
970 944 1124 980 nitentis

88 1007 256 1056 desuper
276 1014 469 1053 ostentat,
501 1006 642 1043 dehinc
664 1019 816 1044 summa
836 1009 1040 1044 cacumina
1061 1009 1249 1057 linquunt.

141 1074 191 1109 At
210 1079 320 1120 pater
340 1072 527 1109 Anchises
549 1072 701 1120 penitus
723 1073 897 1109 convalle
918 1073 1051 1110 virenti

88 1138 253 1175 inclusas
273 1138 420 1174 animas
441 1149 701 1185 superumque
723 1136 772 1174 ad
793 1137 923 1174 lumen
944 1138 1058 1175 ituras

87 1203 270 1241 lustrabat
291 1202 419 1240 studio
440 1202 627 1249 recolens,
650 1215 886 1252 omnemque
909 1215 1065 1241 suorum

88 1269 182 1305 sorte
203 1268 431 1305 recensebat
451 1280 655 1305 numerum
677 1280 865 1317 carosque
888 1275 1063 1317 nepotes,

87 1334 240 1383 fataque
262 1334 508 1382 fortunasque
529 1334 651 1371 virum
672 1346 878 1383 moresque
900 1346 1126 1383 manusque.

87 1399 203 1448 Isque
225 1399 290 1436 ubi
312 1399 536 1436 tendentem
557 1399 761 1437 adversum
782 1412 851 1449 per
869 1400 1041 1449 gramina
1060 1399 1165 1436 videt

86 1465 260 1510 Aenean,
281 1465 414 1502 alacris
435 1465 582 1513 palmas
602 1472 781 1515 utrasque
803 1466 979 1512 tetendit,

87 1529 307 1578 effusaeque
328 1530 435 1578 genis
456 1531 647 1577 lacrimae,
670 1537 707 1568 et
728 1543 801 1568 vox
824 1531 967 1568 excidit
988 1544 1053 1568 ore
1071 1545 1079 1569 :

142 1598 150 1613 ‘
164 1595 312 1632 Venisti
333 1594 505 1640 tandem,
527 1602 669 1644 tuaque
691 1603 914 1644 exspectata
934 1596 1083 1644 parenti

88 1660 178 1697 vicit
196 1660 267 1696 iter
287 1659 423 1696 durum
446 1661 596 1708 pietas?
653 1662 775 1698 Datur
796 1674 862 1698 ora
882 1662 988 1707 tueri,

88 1731 188 1771 nate,
210 1732 287 1771 tua,
309 1732 347 1762 et
368 1731 476 1761 notas
497 1725 629 1762 audire
651 1733 688 1762 et
708 1726 872 1762 reddere
894 1727 1039 1763 voces?

89 1790 149 1827 Sic
171 1789 353 1838 equidem
375 1789 568 1827 ducebam
590 1791 720 1828 animo
741 1792 926 1839 rebarque
948 1792 1127 1836 futurum,

89 1862 264 1903 tempora
284 1854 544 1900 dinumerans,
567 1868 639 1891 nec
662 1868 722 1892 me
745 1869 832 1892 mea
852 1869 943 1892 cura
964 1857 1104 1893 fefellit.

90 1919 196 1967 Quas
217 1932 289 1968 ego
309 1927 347 1957 te
368 1927 484 1957 terras
506 1927 543 1957 et
564 1928 706 1968 quanta
726 1933 794 1968 per
814 1933 981 1969 aequora
1002 1928 1155 1958 vectum

88 1985 240 2033 accipio
259 1987 265 2022 1
295 1986 445 2034 quantis
467 1986 663 2031 iactatum,
686 1993 785 2031 nate,
809 1986 959 2034 periclis
978 1989 984 2023 1

90 2049 217 2097 Quam
239 2051 369 2095 metui,
393 2063 441 2087 ne
462 2050 556 2098 quid
579 2051 720 2098 Libyae
741 2051 809 2087 tibi
831 2062 948 2099 regna
968 2058 1154 2088 nocerent
1173 2053 1180 2087 Ξ
1197 2051 1205 2066 ’

91 2114 158 2151 Ille
179 2122 306 2152 autem
325 2130 331 2151 z
365 2116 472 2152 ‘Tua
493 2127 566 2160 me,
588 2116 749 2163 genitor,
772 2123 837 2152 tua
857 2116 969 2152 tristis
991 2116 1130 2164 imago,

89 2178 240 2226 saepius
261 2191 479 2224 occurrens,
500 2179 596 2215 haec
617 2179 749 2216 limina
770 2180 929 2216 tendere
951 2180 1104 2228 adegit:
1130 2188 1133 2194 ’

89 2249 190 2279 stant
210 2243 286 2280 sale
307 2244 506 2292 Tyrrheno
528 2245 680 2281 classes.
743 2245 804 2281 Da
826 2245 980 2292 iungere
1002 2244 1190 2290 dextram,

91 2306 151 2351 (la,
173 2308 334 2355 genitor,
357 2315 473 2356 teque
494 2309 670 2357 amplexu
693 2321 742 2345 ne
763 2309 941 2346 subtrahe
962 2310 1118 2346 nostro.’

91 2371 152 2408 Sic
174 2384 405 2418 memorans,
430 2373 532 2422 largo
552 2373 642 2410 fletu
662 2374 773 2410 simul
793 2386 859 2410 ora
878 2374 1034 2423 rigabat.

90 2435 167 2472 Ter
186 2444 347 2474 conatus
368 2437 419 2473 ibi
440 2437 540 2474 collo
561 2437 651 2474 dare
673 2438 829 2474 brachia
850 2439 1007 2483 circum,

92 2505 149 2537 ter
167 2499 301 2537 frustra
320 2512 550 2550 comprensa
570 2514 706 2538 manus
728 2502 858 2551 effugit
880 2503 1019 2551 imago,

1413 182 1484 223 ῐ75

1433 487 1490 524 670

1432 812 1488 849 675

1431 1137 1488 1166 680

1431 1463 1487 1501 685

1431 2113 1486 2149 695

1430 2443 1488 2473 700
