1690 2734
160 164 238 205 124
497 167 552 196 IV.
589 156 832 208 Deparlm‘c
850 158 974 209 from
1002 158 1225 215 Carthage.
1400 165 1584 211 [AENEID.'

153 287 269 323 quem
301 277 460 314 subiisse
492 279 632 317 umeris
663 280 885 317 confectum
909 288 1033 319 aetate
1054 288 1282 332 parentem!

155 342 246 378 Non
267 344 376 390 potui
398 344 599 392 abreptum
620 343 800 381 divellere
823 357 975 394 corpus,
998 354 1036 384 et
1056 348 1169 386 undis
1504 352 1561 385 600

153 409 359 455 spargere?
416 409 506 445 Non
529 409 668 454 socios,
691 422 769 446 non
792 410 918 458 ipsum
940 412 1141 451 absumere
1163 415 1260 452 ferro

154 472 375 517 Ascanium,
398 474 604 521 patriisque
626 474 865 522 epulandum
887 488 1033 524 ponere
1056 480 1226 517 mensis?
1241 503 1292 507 —

152 537 296 573 Verum
318 550 461 585 anceps
483 550 636 586 pugnae
658 539 779 576 fuerat
800 540 951 577 fortuna
968 557 974 578 :
990 565 1040 568 —
1056 544 1196 581 fuisset.

153 602 280 649 Quem
304 603 421 639 metui
444 604 652 640 moritura?
709 605 830 641 Faces
851 606 888 642 in
911 614 1033 644 castra
1054 610 1236 656 tulissem,

152 667 450 715 implessemque
473 669 574 707 foros
596 668 769 715 flammis,
792 679 1002 720 natumque
1025 682 1251 723 patremque
1504 677 1559 713 605

151 744 240 768 cum
261 745 402 781 genere
426 733 631 779 extinxem,
656 744 801 773 memet
823 750 936 786 super
957 739 1040 787 ipsa
1061 739 1268 778 dedissem.

206 799 214 815 ‘
229 798 304 843 Sol,
328 798 391 845 qui
413 805 597 835 terrarum
619 799 780 838 flammis
801 815 919 851 opera
939 805 1069 841 omnia
1090 806 1234 851 lustras,

151 868 268 910 tuque
292 863 424 899 harum
448 864 634 913 interpres
658 880 833 905 curarum
855 876 893 905 et
913 870 1071 906 conscia
1095 872 1203 917 Iuno,

150 929 427 977 nocturnisque
452 931 604 968 Hecate
627 933 741 969 triviis
763 934 903 970 ululata
923 947 992 983 per
1011 936 1136 981 urbes,

150 1001 188 1030 et
210 995 324 1031 Dirae
347 995 511 1041 ultrices,
535 1004 572 1033 et
592 997 631 1033 di
654 998 851 1035 morientis
874 999 1032 1046 Elissae,
1501 1003 1558 1031 610

150 1061 314 1108 accipite
338 1061 447 1107 haec,
470 1063 727 1111 meritumque
750 1064 857 1101 malis
878 1064 1063 1103 advertite
1085 1079 1244 1114 numen,

151 1134 189 1163 et
209 1134 357 1163 nostras
378 1127 509 1164 audite
531 1140 678 1176 preces.
737 1129 773 1166 Si
793 1137 950 1178 tangere
971 1138 1103 1179 portus

150 1192 352 1229 infandum
374 1199 490 1240 caput
510 1205 556 1229 ac
577 1194 682 1230 terris
703 1194 846 1231 adnare
867 1207 1025 1232 necesse
1047 1203 1116 1242 est,

150 1264 187 1294 et
208 1257 262 1294 sic
284 1258 360 1294 fata
382 1258 483 1294 Iovis
505 1265 684 1306 poscunt,
707 1259 769 1295 1116
789 1260 971 1297 terminus
993 1261 1149 1299 haeret:

153 1330 190 1359 at
210 1323 311 1360 bello
333 1323 491 1360 audacis
512 1324 647 1372 populi
666 1331 823 1361 vexatus
845 1331 883 1362 et
902 1326 1029 1373 armis,
1498 1329 1554 1366 615

154 1389 292 1426 finibus
314 1389 485 1434 extorris,
508 1390 715 1437 complexu
736 1390 885 1427 avulsus
908 1391 992 1438 Iuli,

155 1455 337 1491 auxilium
358 1454 548 1503 imploret,
572 1454 778 1503 videatque
800 1455 958 1505 indigna
978 1469 1132 1494 suorum

152 1521 311 1566 11111613,-
342 1532 428 1565 1166,
451 1532 541 1556 cum
561 1531 602 1556 se
623 1520 694 1557 sub
714 1520 817 1569 leges
838 1522 943 1570 pacis
964 1522 1118 1570 iniquae

152 1584 362 1630 tradiderit,
384 1597 504 1633 regno
525 1591 589 1621 aut
609 1591 742 1633 optata
760 1585 846 1622 luce
868 1586 1023 1633 fruatur,

154 1650 223 1687 sed
246 1649 360 1691 cadat
380 1657 469 1687 ante
491 1649 609 1696 diem,
631 1650 840 1699 mediaque
861 1651 1081 1689 inhumatus
1102 1666 1228 1690 arena.
1498 1655 1554 1682 620

155 1717 268 1752 Haec
289 1727 438 1764 precor,
460 1715 561 1752 hane
581 1727 718 1752 vocem
742 1723 953 1753 extremam
975 1730 1063 1754 cum
1084 1719 1268 1766 sanguine
1290 1719 1423 1756 fundo.

152 1782 253 1818 Tum
276 1793 356 1826 vos,
377 1793 401 1817 0
421 1780 537 1829 Tyrii,
559 1781 717 1829 stirpem
739 1788 776 1818 et
796 1794 918 1830 genus
939 1795 1056 1819 omne
1078 1783 1244 1820 futurum

153 1853 329 1884 exercete
351 1845 462 1891 odiis,
486 1845 681 1894 cinerique
703 1846 801 1883 haec
822 1847 959 1884 mittite
980 1854 1111 1884 nostro

152 1924 322 1950 munera.
380 1911 518 1954 Nullus
540 1923 648 1947 amor
667 1912 830 1960 populis,
853 1924 926 1949 1166
947 1912 1105 1949 foedera
1126 1920 1252 1951 sunto.

152 1978 333 2015 Exoriare
355 1976 489 2024 aliquis
510 1977 647 2027 nostris
669 1989 716 2030 ex
736 1977 883 2014 ossibus
904 1978 1013 2023 ultor,
1497 1979 1551 2015 625

151 2043 214 2091 qui
236 2042 319 2079 face
342 2035 562 2078 Dardanios
584 2042 760 2090 ferroque
782 2054 942 2090 sequare
964 2043 1135 2088 colonos,

150 2120 267 2153 nunc,
290 2108 393 2153 olim,
417 2119 665 2155 quocumque
688 2106 836 2144 dabunt
856 2120 896 2144 se
918 2114 1092 2156 tempore
1114 2109 1223 2146 vires.

153 2173 280 2210 Litora
300 2173 472 2209 litoribus
495 2173 697 2218 contraria,
721 2172 898 2210 fluctibus
919 2173 1041 2210 undas

149 2238 354 2286 imprecor,
377 2249 486 2274 arma
507 2238 620 2274 armis
638 2252 647 2283 3
678 2244 852 2286 pugnent
874 2238 1023 2286 ipsique
1045 2241 1311 2287 nepotesque.’

206 2303 320 2339 Haec
342 2302 404 2348 ait,
428 2308 465 2338 et
486 2302 602 2350 partis
624 2303 796 2339 animum
816 2303 991 2340 versabat
1011 2303 1049 2339 in
1070 2304 1207 2349 omnis,
1495 2304 1550 2340 630

150 2368 310 2405 invisam
332 2379 521 2416 quaerens
543 2380 659 2415 quam
680 2368 846 2416 primum
866 2368 1093 2416 abrumpere
1114 2369 1253 2405 lucem.

150 2433 252 2469 Tum
272 2433 437 2470 breviter
459 2433 607 2469 Barcen
628 2433 817 2469 nutricem
839 2432 968 2469 adfata
988 2433 1148 2481 Sychaei
1165 2447 1175 2479 3

151 2505 320 2543 namque
343 2505 451 2531 suam
472 2493 593 2542 patria
613 2493 771 2542 antiqua
792 2493 886 2530 cinis
908 2500 987 2531 ater
1008 2494 1174 2531 habebat
1192 2509 1199 2531 :
