1690 2734
99 235 179 274 114
429 234 484 262 ιν.
521 222 770 274 Departme
788 220 912 272 from
941 217 1165 270 Car'tllage.

151 347 201 384 Ut
224 346 392 394 primum
414 345 520 381 alatis
541 344 664 391 tetigit
687 343 850 391 magalia
871 341 1020 390 plantis,

95 413 254 448 Aenean
277 410 506 447 fundantem
530 420 636 445 arces
658 420 703 444 ac
724 414 828 444 tecta
848 413 1058 443 novantem

93 468 310 524 conspicit3
343 482 458 523 atque
481 474 531 510 illi
554 473 722 509 stellatus
744 471 891 520 iaspide
915 470 1014 507 fulva

93 542 193 578 ensis
215 539 306 587 erat,
327 541 521 589 Tyrioque
545 538 707 575 ardebat
729 537 874 573 murice
895 536 1006 572 laena

91 606 259 643 demissa
292 618 339 642 ex
374 606 526 651 umeris,
549 603 656 640 dives
677 614 775 650 quae
798 613 958 638 munera
981 599 1085 636 Dido

92 671 246 716 fecerat,
269 677 307 706 et
327 671 433 707 tenui
454 670 547 722 tela}
569 669 800 705 discreverat
824 678 929 703 auro.

93 736 291 774 Continuo
313 735 457 771 invadit
476 749 481 771 :
515 735 596 770 ‘Tu
617 746 720 770 nunc
744 732 988 780 Karthaginis
1010 730 1107 766 altae

92 801 345 837 fundamenta
365 800 481 845 locas,
504 799 783 847 pulchramque
806 797 960 834 uxorius
984 796 1119 832 urbem

92 866 264 911 exstruis,
288 865 362 901 heu
383 864 488 913 regni
510 876 714 911 rerumque
736 863 853 899 oblite
878 861 1057 898 tuarum?

94 932 183 979 Ipse
205 930 323 967 deum
343 930 410 967 tibi
431 942 492 966 me
514 930 615 965 claro
638 929 804 965 demittit
826 928 994 976 Olympo

91 1002 280 1044 regnator,
304 995 453 1031 caelum
474 1007 519 1031 ac
541 1001 660 1031 terras
682 994 747 1041 qui
768 993 926 1029 numine
948 999 1101 1040 torquet
1118 1006 1127 1037 3

91 1062 173 1109 ipse
196 1061 291 1097 haec
313 1061 407 1097 ferre
429 1060 534 1096 iubet
555 1060 689 1095 celeris
711 1058 894 1095 mandata
913 1070 981 1106 per
1003 1070 1110 1094 auras
1129 1072 1135 1093 :

93 1125 186 1174 quid
207 1126 328 1171 struis,
352 1131 415 1161 aut
436 1137 512 1173 qua
532 1136 600 1173 spe
623 1124 775 1172 Libycis
797 1124 884 1160 teris
905 1124 982 1160 otia
1004 1122 1139 1160 terris?
1166 1153 1171 1162 ,

93 1191 129 1228 Si
150 1197 186 1227 te
210 1191 311 1227 nulla
334 1197 462 1227 movet
483 1196 672 1226 tantarum
694 1189 814 1237 gloria
834 1200 971 1233 rerum,

97 1254 191 1305 [nec
213 1268 327 1304 super
348 1256 428 1303 ipse
451 1261 516 1292 tua
538 1254 679 1291 moliris
702 1253 815 1290 laude
837 1251 1044 1302 laborem]

91 1321 300 1358 Ascanium
322 1326 542 1368 surgentem
564 1326 601 1355 et
622 1331 709 1367 spes
732 1318 884 1355 heredis
906 1318 976 1354 Iuli

90 1386 252 1434 respice,
276 1386 337 1422 cui
358 1397 520 1433 regnum
542 1385 673 1421 Italiae
697 1385 953 1431 Romanaque
975 1383 1084 1419 tellus

91 1451 306 1488 debentur.’
363 1450 446 1486 Tali
469 1450 663 1498 Cyllcnius
685 1461 750 1485 ore
772 1449 922 1485 locutus

91 1516 260 1553 mortalis
281 1516 380 1552 visus
402 1515 533 1552 medio
555 1527 733 1551 sermone
756 1514 915 1562 reliquit,

91 1587 129 1618 et
149 1581 283 1629 procul
304 1581 342 1617 in
363 1587 521 1617 tenuem
542 1592 589 1616 ex
610 1580 731 1616 oculis
753 1578 907 1615 evanuit
928 1591 1068 1615 auram.

146 1648 194 1683 At
214 1658 303 1683 vero
325 1647 478 1682 Aeneas
500 1651 660 1693 aspectu
681 1644 872 1681 obmutuit
893 1656 1038 1688 amens,

92 1719 337 1759 arrectaeque
360 1711 514 1747 horrore
537 1722 686 1756 comae,
711 1716 748 1746 et
768 1722 843 1746 vox
863 1710 1034 1746 saucibus
1058 1710 1191 1746 haesit.

89 1776 211 1814 Ardet
232 1777 334 1813 abire
355 1777 444 1824 fuga
465 1775 664 1823 dulcisque
686 1775 899 1823 relinquere
921 1781 1049 1820 terras,

91 1842 272 1878 attonitus
294 1848 401 1878 tanto
423 1841 570 1877 monitu
592 1840 831 1888 imperioque
853 1839 1028 1877 deorum.

93 1909 183 1943 Heu
205 1906 297 1955 quid
319 1907 432 1954 agat?
492 1906 580 1953 Quo
602 1918 705 1941 nunc
726 1905 898 1953 reginam
920 1905 1065 1942 ambire
1087 1906 1276 1942 furentem

90 1971 231 2008 audeat
263 1971 423 2013 adfatu?
480 1971 591 2018 Quae
613 1971 737 2018 prima
757 1970 915 2007 exordia
935 1971 1086 2007 sumat?

90 2038 214 2084 Atque
236 2036 407 2072 animum
428 2048 531 2072 nunc
553 2035 628 2071 huc
650 2035 829 2080 celerem,
852 2047 957 2071 nunc
981 2034 1116 2071 dividit
1137 2034 1236 2080 illuc,

90 2101 127 2137 in
148 2100 342 2149 partisque
364 2101 461 2149 rapit
481 2100 600 2136 varias
621 2112 765 2148 perque
788 2100 919 2136 onmia
939 2106 1074 2137 versat.

92 2167 204 2202 Haec
226 2166 426 2202 alternanti
449 2165 577 2214 potior
599 2165 789 2201 sententia
808 2165 888 2201 visa
911 2171 992 2201 est:

91 2231 296 2267 Mnesthea
317 2231 613 2278 Sergestumque
637 2236 751 2267 vocat
773 2229 988 2277 fortemque
1011 2230 1215 2274 Serestum,

89 2296 252 2332 classem
273 2302 405 2343 aptent
427 2296 529 2331 taciti
553 2295 758 2343 sociosque
781 2294 830 2331 ad
852 2295 962 2331 litora
984 2301 1136 2342 cogant,

88 2373 194 2397 arma
213 2367 359 2408 parent,
382 2367 419 2396 et
441 2372 539 2408 quae
562 2360 675 2397 rebus
697 2360 746 2396 sit
767 2372 881 2395 causa
901 2358 1088 2396 novandis

90 2425 354 2470 dissimulent;
386 2437 469 2461 sese
493 2426 649 2469 interea,
673 2423 830 2472 quando
852 2431 1012 2472 optuma
1034 2423 1138 2460 Dido

89 2490 235 2527 nesciat
256 2496 293 2526 et
313 2496 439 2527 tantos
461 2490 585 2537 rumpi
608 2501 686 2525 non
708 2496 836 2537 speret
858 2500 1020 2534 amores,

330 2575 373 2596 273
390 2575 539 2612 Rejected
555 2575 593 2611 by
610 2575 653 2603 Rs
954 2574 995 2595 276
1015 2574 1181 2602 Callemus.
1204 2573 1239 2602 R.

1333 221 1494 263 [AENEID.

1444 401 1500 429 260

1443 727 1497 763 265

1441 1062 1496 1089 270

1438 1386 1494 1416 275

1437 1707 1493 1735 280
1543 1710 1545 1712 ’

1437 2033 1490 2069 285

1436 2363 1490 2391 290
