1690 2734
136 160 186 190 10
612 158 614 161 “
630 150 843 191 Pastoral
869 150 1037 190 Poems.
1381 154 1529 196 [BucoL.

129 272 206 308 iam
228 283 350 309 cornu
370 278 476 321 petat
497 278 535 309 et
554 266 721 321 pedibus
743 272 808 320 qui
830 278 983 320 spargat
1004 285 1172 309 arenam.

130 337 186 373 D.
227 336 304 384 Qui
325 342 374 382 te,
398 336 531 382 Pollio,
553 343 667 382 amat,
689 336 816 373 veniat
836 348 913 384 quo
934 343 971 372 te
992 348 1147 385 quoqne
1168 326 1334 385 gaudet:

132 401 244 438 mella
260 401 378 437 fluant
400 401 462 446 illi,
485 401 579 437 ferat
601 407 637 437 et
657 401 772 438 rubus
794 413 905 449 asper
926 413 1137 438 amomum.

130 466 191 503 M.
232 466 310 513 Qui
332 466 491 502 Bavium
514 478 593 502 non
614 465 708 510 odit,
733 472 836 501 amet
856 472 922 502 tua
941 466 1122 511 carmina,
1145 466 1286 511 Maevi,
1494 488 1532 515 90

131 537 245 579 atque
266 530 369 567 idem
393 530 524 578 iungat
546 530 681 578 vulpes
703 537 738 566 et
760 530 928 578 mulgeat
947 530 1085 567 hircos.

130 596 186 633 D.
227 595 304 643 Qui
324 595 445 643 legitis
469 594 580 631 flores
603 601 641 631 et
662 595 769 631 humi
789 596 987 631 nascentia
1006 595 1120 644 fraga,

131 660 300 709 frigidus,
322 660 357 697 O
379 659 499 708 pueri,
524 660 640 708 fugite
664 659 766 705 hinc,
788 659 878 696 latet
899 660 1031 708 anguis
1052 660 1090 696 in
1110 660 1240 697 herba.

131 725 191 762 M.
233 725 392 769 Parcite,
415 736 518 770 oves,
542 724 705 761 nimium
726 724 938 772 procedere
955 739 965 771 ‚-
996 737 1075 761 non
1094 725 1195 762 bene
1215 725 1320 772 ripae

133 789 323 836 creditur3
355 789 436 837 ipse
458 789 553 826 aries
576 789 691 825 etiam
712 801 816 826 nunc
836 790 975 826 vellera
994 790 1126 826 siccat.
1496 811 1531 840 95

131 855 186 892 D.
225 855 366 903 Tityre,
389 860 593 902 pascentes
615 866 638 890 a
657 854 813 891 flumine
834 855 935 891 reice
957 848 1121 903 capellas
1139 869 1146 892 z

132 920 212 968 ipse
234 919 299 956 ubi
320 925 472 967 tempus
494 919 573 965 erit,
597 919 722 956 omnis
744 919 782 956 in
802 919 907 956 fonte
928 920 1076 957 lavabo.

131 984 192 1021 M.
233 984 369 1033 Cogite
392 984 485 1030 ovis,
509 985 618 1033 pueri
638 998 644 1028 ;
676 985 706 1021 si
726 984 784 1021 lac
806 985 1045 1033 praeceperit
1065 990 1204 1030 aestus,

132 1056 173 1086 nt
193 1062 326 1098 nuper,
350 1049 484 1086 frustra
504 1049 764 1097 pressabimus
785 1049 903 1086 ubera
922 1049 1070 1097 palmis.

132 1115 186 1152 D.
231 1115 334 1159 Heu,
358 1114 444 1160 heu,
468 1127 585 1162 quam
606 1114 738 1162 pingui
759 1126 890 1150 macer
910 1121 966 1151 est
986 1114 1079 1150 milii
1099 1121 1226 1151 taurus
1247 1114 1286 1151 in
1307 1126 1395 1150 ervo
1415 1117 1420 1151 Ι
1477 1128 1532 1147 100

134 1179 246 1216 Idem
267 1192 376 1216 amor
398 1179 555 1215 exitium
577 1186 634 1215 est
655 1179 787 1227 pecori
808 1180 1038 1227 pecorisque
1063 1180 1255 1228 magistro.

133 1245 192 1281 M.
235 1245 309 1281 His
331 1251 433 1280 certe
455 1256 582 1292 neque
604 1256 714 1281 amor
733 1257 850 1281 causa
871 1251 927 1280 est
942 1258 952 1290 ,-
983 1245 1045 1280 vix
1065 1244 1213 1281 ossibus
1239 1244 1421 1280 haerent:

133 1309 264 1345 nescio
286 1309 369 1357 quis
391 1316 543 1346 teneros
565 1309 699 1346 oculus
721 1308 814 1345 mihi
835 1309 995 1346 fascinat
1015 1321 1146 1357 agnos.

133 1375 187 1411 D.
229 1375 315 1420 Dic,
337 1374 474 1422 quibus
497 1374 535 1410 in
556 1374 728 1411 terris—
743 1382 780 1410 et
802 1374 873 1410 eris
894 1374 987 1410 milii
1008 1386 1168 1422 magnus
1189 1373 1393 1421 Apollo——

133 1440 196 1476 tris
218 1445 346 1488 pateat
368 1439 464 1476 caeli
484 1439 651 1487 spatium
673 1451 753 1476 non
773 1439 936 1488 amplius
958 1439 1076 1476 ulnas.
1479 1451 1529 1480 105

133 1505 193 1541 M.
235 1505 320 1550 Dic,
344 1505 481 1552 quibus
504 1505 542 1540 in
562 1504 668 1541 terris
690 1504 862 1552 inscripti
882 1504 1041 1540 nomina
1060 1515 1193 1551 regum

133 1576 338 1606 nascantur
358 1568 481 1614 flores,
505 1575 542 1605 et
564 1568 737 1616 Phyllida
757 1568 858 1605 solus
880 1568 1033 1605 habeto.

133 1635 176 1671 P.
218 1635 311 1671 Non
330 1641 505 1670 nostrum
527 1634 624 1670 inter
643 1646 710 1670 vos
731 1640 853 1670 tantas
877 1645 1111 1681 componere
1132 1633 1226 1669 liteS.

135 1700 184 1735 Et
204 1699 320 1735 vitula
340 1705 379 1735 tu
402 1698 551 1747 dignus,
574 1705 612 1735 et
632 1698 706 1744 hic,
730 1705 766 1735 et
788 1698 959 1746 quisquis
981 1709 1129 1734 amores

134 1770 197 1800 aut
219 1770 366 1800 metuet
388 1763 532 1808 dulces,
555 1769 620 1800 aut
641 1763 859 1811 experietur
878 1775 1040 1799 amaros.
1475 1775 1530 1795 110

134 1828 311 1866 Claudite
332 1828 408 1864 iam
429 1828 539 1874 rivos,
562 1828 681 1876 pueri,
705 1834 762 1864 sat
782 1834 890 1876 prata
910 1828 1101 1865 biberunt.

652 1965 911 2002 ECLOGUE
952 1965 1017 2001 IV.

192 2055 311 2086 XVHEN
329 2065 431 2096 peace
451 2054 608 2085 followed
626 2054 680 2084 the
706 2054 954 2084 reconciliation
980 2053 1017 2083 of
1031 2054 1166 2092 Antony
1184 2052 1250 2083 and
1274 2052 1473 2083 Octavianus
1497 2056 1529 2082 at

133 2109 344 2141 Brundisium
366 2108 444 2147 (B.C.
466 2109 541 2149 40),
560 2109 615 2139 the
634 2119 732 2148 eager
750 2108 837 2149 hope
856 2108 893 2138 of
907 2108 991 2148 Italy
1008 2108 1131 2138 looked
1153 2107 1203 2138 for
1227 2118 1246 2138 a
1269 2107 1392 2147 golden
1417 2117 1472 2137 era
1495 2105 1532 2137 of

133 2165 317 2206 prosperity
334 2164 401 2194 and
418 2164 515 2205 quiet.
567 2164 682 2201 Pollio,
702 2163 834 2203 Virgil's
853 2163 982 2194 earliest
999 2168 1128 2204 patron,
1145 2163 1212 2193 had
1229 2163 1316 2193 been
1332 2162 1528 2192 instrumen-

133 2219 228 2250 talin
252 2219 407 2258 bringing
432 2219 486 2249 the
515 2229 617 2259 peace
643 2219 755 2256 about,
775 2219 839 2249 and
865 2219 932 2249 had
954 2218 1020 2259 just
1045 2218 1181 2248 entered
1198 2228 1241 2247 on
1258 2217 1308 2247 his
1325 2217 1528 2258 consulship,
1565 2206 1568 2210 ⁴

134 2274 231 2304 when
248 2284 266 2304 a
284 2284 344 2304 son
361 2284 426 2304 was
445 2274 528 2304 born
545 2278 579 2304 to
597 2273 675 2304 him.
724 2274 855 2314 Seizing
873 2274 928 2304 the
946 2273 1102 2304 occasion
1120 2272 1157 2304 of
1178 2273 1233 2303 the
1257 2271 1419 2313 expected
1442 2271 1528 2302 birth

134 2327 172 2360 of
186 2328 249 2359 this
266 2327 381 2366 infant,
400 2328 434 2358 in
451 2328 544 2359 these
561 2338 682 2366 verses,
701 2327 734 2358 in
751 2327 859 2358 which
876 2328 945 2359 also
972 2327 1095 2358 certain
1119 2336 1226 2366 vague
1251 2325 1449 2367 prophecies
1473 2335 1528 2356 are

365 2426 393 2447 87
408 2427 568 2455 harenam.
590 2426 626 2454 R.
865 2425 908 2446 102
924 2435 1038 2454 caussa.
1061 2426 1103 2454 H.

363 2474 393 2496 ⁹1
407 2475 517 2512 volpes.
539 2475 576 2504 R.
864 2474 907 2495 110
922 2475 985 2503 hau
999 2476 1117 2504 temnet.
1157 2474 1241 2503 lcaat.
1263 2473 1299 2503 R.
