1690 2734
224 176 278 214 62
662 186 704 215 11.
739 174 824 213 Tlae
855 174 959 214 Fall
986 176 1038 227 of
1069 175 1187 227 Troy.

224 298 344 343 finxit,
365 311 506 335 vanum
529 298 644 334 etiam
666 297 977 346 mendacemque
999 298 1175 346 improba
1194 299 1324 348 finget.

228 363 363 399 Fando
384 363 541 411 aliquod
562 364 591 399 si
612 363 707 399 forte
729 370 811 399 tuas
833 363 1005 410 pervenit
1026 363 1075 400 ad
1097 364 1195 401 auris

175 463 179 467 .
228 428 382 464 Belidae
404 440 547 464 nomen
571 427 785 464 Palamedis
806 435 841 463 et
864 428 1006 464 incluta
1028 429 1130 465 fama

225 494 354 541 gloria,
377 506 492 541 quem
515 493 606 529 falsa
626 493 696 529 sub
717 492 936 541 proditione
959 493 1107 541 Pelasgi

226 559 418 595 insontem
439 557 598 594 infando
621 556 779 603 indicio,
802 558 893 605 quia
911 558 1010 594 bella
1030 558 1195 605 vetabat,

226 623 416 659 demisere
438 623 537 668 neci,
560 635 663 659 nunc
686 635 836 659 cassum
858 623 1002 659 lumine
1023 623 1165 671 lugent.

227 689 284 725 Illi
308 701 368 724 me
391 689 574 725 comitem
596 695 633 724 et
653 688 987 736 consanguinitate
1009 689 1270 737 propinquum

226 766 373 802 pauper
393 754 430 789 in
451 765 555 789 arma
577 760 684 801 pater
704 753 834 801 primis
857 753 932 789 huc
954 753 1057 790 misit
1077 747 1125 790 ab
1147 755 1268 799 annis,

226 819 319 855 dum
341 819 464 855 stabat
483 830 603 866 regno
625 818 827 854 incolumis
849 830 1061 866 regumque
1082 819 1235 867 vigebat

226 884 405 929 consiliis,
428 891 465 920 et
486 895 556 920 nos
577 882 734 931 aliquod
755 895 978 930 nomenque
1000 882 1198 932 decusque

227 950 424 998 gessimus.
487 947 637 985 Invidia
658 954 863 996 postquam
885 947 1041 996 pellacis
1062 949 1166 986 Ulixi
1180 970 1232 975 —-

228 1015 330 1053 haud
352 1016 482 1063 ignota
501 1014 639 1062 loquor
652 1035 703 1039 -—
716 1013 861 1061 superis
883 1014 1075 1050 concessit
1095 1014 1143 1051 ab
1164 1014 1250 1059 oris,

227 1081 402 1118 adflictus
424 1080 540 1115 vitam
562 1079 599 1115 in
619 1078 786 1115 tenebris
809 1078 990 1125 luctuque
1013 1078 1225 1123 trahebam,

228 1154 266 1184 et
286 1158 418 1182 casum
439 1145 600 1181 insontis
623 1155 777 1179 mecum
800 1143 1027 1191 indignabar
1046 1144 1172 1180 amici.

231 1213 316 1249 Nec
337 1210 438 1247 tacui
461 1209 635 1254 demens,
658 1215 694 1245 et
716 1220 790 1253 me,
813 1209 888 1244 fors
909 1209 939 1244 si
960 1220 1035 1256 qua
1055 1209 1213 1253 tulisset,

230 1278 258 1314 si
280 1276 423 1325 patrios
446 1286 631 1322 umquam
652 1286 887 1310 remeassem
907 1274 1029 1310 victor
1048 1273 1097 1310 ad
1119 1275 1252 1322 Argos,

230 1341 386 1391 promisi
409 1340 583 1385 ultorem,
606 1347 643 1375 et
664 1339 787 1375 verbis
808 1338 898 1375 odia
919 1350 1053 1386 aspera
1074 1339 1188 1375 movi.

234 1408 338 1444 Hinc
360 1406 453 1442 mihi
474 1405 596 1453 prima
617 1404 705 1440 mali
726 1404 841 1449 labes,
864 1404 954 1440 hinc
975 1416 1129 1452 semper
1148 1404 1284 1441 Ulixes

231 1473 453 1509 criminibus
475 1478 614 1507 terrere
636 1470 756 1514 novis,
779 1469 868 1505 hinc
889 1481 1066 1517 spargere
1087 1481 1203 1505 voces

232 1539 270 1575 in
290 1537 445 1585 volgum
466 1536 678 1583 ambiguas,
700 1541 737 1571 et
758 1546 941 1582 quaerere
963 1534 1141 1570 conscius
1162 1546 1278 1570 arma.

234 1604 319 1640 Nec
340 1601 526 1650 requievit
547 1600 662 1645 enim,
684 1599 826 1644 donec,
849 1599 1060 1636 Calchante
1082 1599 1253 1635 ministro
1268 1621 1316 1625 —-

233 1669 302 1707 sed
323 1667 416 1716 quid
439 1679 511 1715 ego
533 1666 629 1702 haec
651 1672 779 1701 autem
800 1665 1037 1712 nequiquam
1058 1664 1205 1712 ingrata
1224 1664 1408 1699 revolvo?

235 1735 387 1784 Quidve
410 1746 549 1779 moror,
573 1734 602 1770 si
625 1731 750 1769 omnis
772 1743 848 1766 uno
870 1729 1004 1766 ordine
1026 1729 1174 1766 habetis
1195 1728 1375 1773 Achivos,

235 1801 351 1849 idque
372 1800 503 1837 audire
525 1806 581 1836 sat
603 1798 686 1834 est?
746 1794 981 1832 Iamdudum
1003 1795 1140 1830 sumite
1161 1806 1308 1842 poenas
1325 1807 1334 1839 ;

236 1867 310 1903 hoc
334 1866 489 1902 Ithacus
510 1864 610 1908 velit,
633 1869 670 1899 et
692 1873 834 1909 magno
856 1866 1075 1896 mercentur
1095 1858 1277 1895 Atridae)

289 1932 389 1968 Tum
410 1942 500 1966 vero
521 1928 701 1965 ardemus
723 1926 850 1963 scitari
871 1932 908 1961 et
929 1936 1113 1972 quaerere
1135 1935 1282 1968 causas,

237 1996 355 2045 ignari
377 1995 564 2032 scelerum
586 2000 779 2030 tantorum
801 1991 966 2038 artisque
990 1989 1183 2036 Pelasgae.

239 2061 483 2109 Prosequitur
503 2059 688 2108 pavitans,
711 2064 748 2093 et
768 2057 859 2093 ficto
880 2062 1039 2104 pectore
1060 2054 1180 2090 fatur:

292 2130 300 2145 ⁶
316 2127 439 2174 Saepe
461 2125 589 2172 fugam
614 2122 738 2160 Danai
759 2122 874 2158 Troia
895 2120 1050 2168 cupiere
1072 2118 1205 2155 relicta

239 2191 372 2235 moliri,
394 2197 431 2227 et
451 2191 567 2237 longo
588 2188 675 2224 fessi
697 2186 898 2223 discedere
919 2185 1021 2222 bello
1039 2198 1047 2229 3

239 2257 496 2302 fecissentque
517 2254 662 2290 utinam
682 2255 687 2288 1
746 2252 868 2299 Saepe
890 2250 972 2286 illos
993 2260 1128 2297 aspera
1148 2247 1257 2296 ponti

239 2320 449 2357 interclusit
469 2319 631 2365 hiemps,
655 2324 692 2353 et
713 2316 843 2352 terruit
864 2317 1002 2351 Auster
1022 2313 1158 2350 euntis.

243 2385 464 2432 Praecipue,
488 2395 575 2418 cum
597 2382 671 2418 iam
694 2381 754 2417 hic
776 2380 943 2416 trabibus
966 2384 1169 2415 contextus
1191 2375 1342 2412 acernis

241 2456 355 2486 staret
376 2460 509 2496 equus,
531 2454 613 2483 toto
634 2452 845 2482 sonuerunt
865 2444 1019 2480 aethere
1042 2442 1174 2478 nimbi.

243 2513 424 2562 Suspensi
447 2511 679 2560 Eurypylum
702 2511 903 2545 scitantem
926 2508 1081 2544 oracula
1104 2505 1248 2542 Phoebi

1459 181 1620 224 [AENEID.

1589 298 1625 327 80

1592 954 1629 980 90

1594 1280 1630 1308 95

1580 1603 1634 1624 100

1581 1927 1633 1956 105

1588 2250 1638 2270 110
