1690 2734
73 188 116 218 11.
137 187 204 228 79.]
526 176 566 216 Τ
561 176 614 216 lae
649 175 828 215 l‘Voodcn
860 175 1011 215 Hm‘se.

71 304 291 352 inspectura
311 301 449 339 domos
469 308 706 347 venturaque
728 298 895 346 desuper
915 298 1009 343 urbi,

71 375 135 406 aut
156 368 290 416 aliquis
310 367 401 404 latet
421 378 547 411 error,-
579 376 680 412 equo
702 375 749 400 ne
771 362 928 408 credite,
951 363 1103 400 Teucri.

73 431 271 481 Quicquid
292 431 330 469 id
352 438 420 476 est,
443 432 562 467 timeo
586 430 744 466 Danaos
765 434 802 464 et
823 427 927 464 dona
949 428 1128 465 ferentis?

72 498 133 536 Sic
154 498 264 542 fatus,
285 495 418 533 validis
440 496 637 543 ingentem
660 493 797 530 viribus
819 492 966 529 hastam

72 563 111 600 in
130 562 226 599 latus
246 562 362 610 inque
383 561 449 597 feri
472 572 626 596 curvam
648 558 900 606 compagibus
921 557 1047 594 alvum

72 627 280 665 contorsit:
313 626 415 663 stetit
436 625 497 661 illa
517 631 696 668 tremens,
720 629 907 670 uteroque
928 634 1084 660 recusso

72 693 276 730 insonuere
297 702 414 727 cavae
435 689 698 738 gemitumque
721 686 865 724 dedere
888 699 1087 725 cavernae.

74 758 135 803 Et,
156 757 186 794 si
207 756 282 793 fata
303 754 432 801 deum,
454 755 484 791 si
505 766 614 791 mens
636 765 715 790 non
737 753 843 789 laeva
863 752 1006 799 fuisset,

73 821 275 870 impulerat
295 820 393 857 ferro
415 819 610 868 Argolicas
631 817 787 855 foedare
810 817 984 863 latebras,

74 887 278 935 Troiaque,
299 898 402 922 nunc
425 892 554 930 stares,
578 884 794 931 Priamique
815 895 881 919 arx
902 882 988 929 alta,
1011 894 1199 919 maneres.

128 952 246 997 Ecce,
268 962 405 987 manus
426 950 603 986 iuvenem
625 949 770 985 interea
790 954 876 996 post
897 953 1003 996 terga
1022 947 1238 984 revinctum

73 1022 245 1065 pastores
266 1027 409 1064 magno
430 1013 479 1051 ad
501 1026 631 1062 regem
652 1014 820 1050 clamore
843 1012 1046 1050 trahebant

76 1080 336 1126 Dardanidae,
358 1080 424 1128 qui
445 1091 484 1116 se
508 1079 682 1128 ignotum
703 1078 945 1115 venientibus
966 1078 1077 1124 ultro,

75 1147 151 1184 hoc
171 1147 298 1195 ipsum
318 1152 358 1182 ut
378 1151 538 1182 strueret
558 1144 791 1192 Troiamque
813 1143 975 1192 aperiret
996 1143 1164 1190 Achivis,

75 1211 276 1257 obtulerat,
297 1209 421 1247 fidens
442 1210 558 1246 animi
580 1216 694 1257 atque
717 1209 753 1245 in
775 1215 980 1256 utrumque
1001 1214 1167 1256 paratus,

75 1289 143 1315 seu
164 1287 312 1313 versare
333 1274 456 1321 dolos,
479 1286 545 1311 seu
567 1281 694 1310 certae
716 1274 949 1310 occumbere
972 1273 1095 1310 morti.

76 1341 261 1390 Undique
282 1339 430 1377 visendi
452 1338 580 1376 studio
600 1339 766 1375 Troiana
788 1339 963 1376 iuventus

77 1406 308 1444 circumfusa
328 1405 412 1451 ruit,
434 1411 658 1452 certantque
682 1403 853 1440 inludere
876 1410 1005 1452 capto.

77 1472 223 1521 Accipe
244 1483 348 1508 nunc
372 1471 551 1508 Danaum
573 1469 741 1515 insidias,
764 1476 802 1506 et
824 1469 983 1506 crimine
1004 1469 1053 1506 ab
1073 1481 1152 1506 uno

77 1536 184 1575 disce
205 1548 353 1573 omnes.

133 1603 312 1650 Namque
334 1607 374 1637 ut
395 1607 609 1648 conspectu
631 1600 667 1636 in
691 1598 822 1636 medio
844 1599 1028 1644 turbatus,
1051 1599 1206 1636 inermis

78 1667 250 1705 constitit
269 1672 383 1715 atque
404 1665 525 1702 oculis
549 1665 712 1714 Phrygia
728 1665 889 1715 ‚agmina
910 1665 1185 1712 circumspexit
1203 1679 1209 1701 :
1285 1714 1288 1717 Ι

79 1736 87 1751 ‘
105 1733 208 1777 Heu,
230 1743 330 1780 quae
350 1743 454 1768 nunc
475 1730 610 1767 tellus’
633 1730 755 1778 inquit
776 1733 784 1748 ‘
801 1742 900 1778 quae
923 1742 984 1766 me
1006 1741 1175 1778 aequora
1195 1737 1356 1778 possunt

79 1797 287 1846 accipere?
342 1798 418 1833 Aut
439 1796 533 1845 quid
553 1797 629 1833 iam
651 1796 789 1833 misero
815 1795 906 1832 mihi
929 1794 1098 1843 denique
1119 1801 1247 1841 restat,

81 1863 140 1900 cui
163 1874 289 1910 neque
310 1860 415 1910 apud
439 1862 596 1898 Danaos
616 1873 779 1909 usquam
802 1861 920 1905 locus,
943 1866 981 1896 et
1001 1871 1116 1908 super
1136 1859 1208 1908 ipsi

82 1926 329 1965 Dardanidae
351 1926 487 1963 infensi
509 1937 656 1974 poenas
677 1938 765 1962 Cum
789 1925 972 1973 sanguine
995 1925 1211 1972 poscunt?’

82 1993 172 2041 Quo
192 1992 336 2041 gemitu
358 1991 532 2028 conversi
553 1991 682 2036 animi,
705 2002 949 2038 compressus
971 1996 1008 2026 et
1029 1990 1171 2026 omnis*

81 2058 260 2106 impetus.
319 2057 532 2094 Hortamur
552 2056 644 2102 fari,
675 2067 754 2103 quo
775 2055 960 2103 sanguine
981 2060 1119 2100 cretus,

82 2121 350 2171 quidveferat,
373 2127 573 2165 memoret,
595 2132 693 2168 quae
716 2120 761 2156 sit
783 2119 926 2156 fiducia
947 2126 1073 2168 capto.

87 2185 175 2237 [Ille
197 2186 305 2231 haec,
327 2185 504 2234 deposita
523 2184 682 2222 tandem
703 2184 921 2229 formidine,
944 2185 1040 2221 fatur
1057 2183 1088 2234 :]

138 2254 146 2270 ‘
161 2251 313 2289 Cuncta
333 2249 515 2299 equidem
536 2250 616 2294 tibi,
640 2251 736 2293 Rex,
760 2250 870 2286 fuerit
891 2249 1181 2298 quodcumque,
1204 2248 1352 2286 fatebor

84 2327 184 2361 vera,
206 2316 354 2364 inquit;
384 2327 512 2363 neque
534 2327 596 2351 me
619 2315 796 2363 Argolica
816 2314 865 2350 de
886 2321 1000 2362 gente
1023 2314 1174 2362 negabo
1192 2328 1198 2349 :

85 2379 160 2418 hoc
181 2381 345 2429 primum
363 2394 370 2425 3
402 2392 487 2424 nec,
505 2380 534 2416 si
556 2380 736 2416 miserum
763 2380 930 2416 Fortuna
951 2379 1137 2415 Sinonem

257 2485 287 2506 66
302 2489 417 2517 staret:
439 2484 466 2505 ⁵⁷
479 2489 554 2522 pos,·
768 2484 797 2504 75
811 2486 903 2521 quive
917 2484 1001 2521 suat.
1025 2484 1061 2512 R.
1102 2491 1258 2511 memores.
1283 2483 1318 2510 R.

258 2534 286 2555 61
302 2535 462 2572 optulerat.
485 2534 520 2562 R.
771 2533 800 2553 76
815 2534 902 2561 omit.
926 2534 960 2561 R.

1415 176 1463 215 61

1436 498 1472 528 50

1437 823 1473 852 55

1444 1801 1482 1828 70

1446 2124 1482 2152 75
