1690 2734
194 122 233 153 V.
253 122 342 163 797.]
543 114 585 155 Α
607 114 769 167 ,Εοίοιζγ
801 116 840 155 is
872 116 976 168 qut
1008 116 1054 155 in
1090 116 1238 168 Sicily.

195 239 328 275 creber
348 245 385 275 et
405 238 603 287 adspirans
623 251 750 275 rursus
770 245 884 275 vocat
905 240 1043 275 Auster
1063 238 1101 274 in
1122 238 1251 274 altum.

196 304 374 340 Exoritur
393 316 581 352 procurva
602 304 736 351 ingens
757 315 825 351 per
844 304 954 339 litora
975 303 1109 348 fietus,

144 367 155 378 ⁶
195 369 387 416 complexi
407 369 504 404 inter
524 381 563 405 se
585 375 820 416 noctemque
841 368 1025 416 diemque
1046 374 1252 404 morantur.

195 434 307 481 Ipsae
329 433 403 469 iam
426 440 576 479 matres,
599 433 682 481 ipsi,
704 433 842 481 quibus
863 445 998 481 aspera
1018 431 1217 481 quondam

198 498 272 534 visa
292 498 405 534 maris
426 498 542 534 facies
563 505 601 534 et
621 510 700 534 non
721 498 916 534 tolerabile
938 510 1095 542 nomen,

195 563 244 599 ire
265 563 408 607 volunt,
431 575 666 611 omnemque
688 563 799 611 fugae
820 563 987 611 perferre
1009 562 1193 599 laborem.

194 627 303 675 Quos
325 628 448 663 bonus
470 629 627 664 Aeneas-
642 627 754 664 dictis
775 627 918 664 solatur
938 628 1083 672 amicis,

193 699 229 728 et
250 693 539 740 consanguineo
560 692 762 728 lacrimans
783 692 1034 728 commendat
1056 694 1232 728 Acestae.

192 757 275 793 Tris
299 758 411 806 Eryci
432 758 568 793 vitulos
591 764 628 793 et
647 757 960 805 Tempestatibus
982 770 1120 806 agnam

193 821 355 874 cagdere
377 822 520 858 deinde
543 823 660 868 iubet,
682 822 853 870 solvique
875 834 921 858 ex
942 822 1076 858 ordine
1099 823 1241 859 funem.

193 889 294 936 Ipse,
317 894 433 935 caput
453 895 587 924 tonsae
609 888 706 924 foliis
727 888 899 924 evinctus
920 888 1054 933 olivae,

192 959 294 989 stans
315 953 450 1001 procul
471 953 507 989 in
528 965 640 1001 prora
661 960 832 1001 pateram
854 960 970 998 tenet,
994 959 1157 1001 extaque
1179 954 1298 990 salsos

192 1018 347 1066 porrigit
367 1018 405 1054 in
426 1017 562 1054 fluctus
582 1030 628 1053 ac
648 1018 736 1054 vina
755 1018 938 1066 liquentia
959 1018 1094 1055 fundit.

196 1083 440 1130 Prosequitur
460 1095 617 1131 surgens
638 1095 659 1118 a
680 1083 800 1131 puppi
822 1090 958 1120 ventus
981 1090 1127 1120 euntes.

193 1148 376 1198 Certatim
397 1148 493 1184 socii
514 1147 651 1184 feriunt
672 1160 775 1183 mare
797 1155 834 1184 et
854 1160 1024 1196 aequora
1044 1156 1207 1186 verrunt.

246 1214 295 1249 At
314 1213 446 1248 Venus
467 1213 612 1248 interea
634 1213 862 1260 Neptunum
883 1214 1051 1249 exercita
1072 1215 1170 1251 curis

192 1277 421 1325 adloquitur,
443 1277 614 1325 talesque
636 1276 799 1313 effundit
819 1285 978 1325 pectore
1000 1286 1155 1326 questus
1174 1295 1180 1316 :

193 1342 376 1379 ‘Iunonis
397 1342 518 1390 gravis
539 1342 592 1378 ira
613 1354 685 1378 nec
708 1343 961 1379 exsaturabile
983 1351 1118 1391 pectus

191 1414 336 1456 cogunt
357 1420 431 1453 me,
455 1408 652 1455 Neptune,
673 1419 810 1456 preces
831 1407 1070 1445 descendere
1093 1410 1129 1446 in
1152 1422 1313 1456 omnes,

191 1485 307 1521 quam
328 1486 401 1510 nec
422 1473 538 1521 longa
557 1472 652 1519 dies,
673 1473 795 1521 pietas
816 1486 890 1510 nec
911 1474 1058 1522 mitigat
1078 1475 1164 1521 ulla,

191 1551 264 1575 nec
287 1539 388 1575 Iovis
410 1538 572 1586 imperio
592 1537 755 1586 fatisque
777 1538 938 1587 infracta
957 1540 1132 1587 quiescit.

192 1604 283 1639 Non
304 1603 432 1639 media
452 1602 501 1639 de
521 1610 635 1651 gente
659 1603 850 1652 Phrygum
875 1604 1050 1641 exedisse
1071 1605 1246 1643 nefandis

190 1668 324 1705 urbem
345 1667 443 1704 odiis
463 1668 552 1705 satis
573 1674 641 1714 est,
664 1680 738 1704 nec
758 1680 926 1716 poenam
948 1676 1052 1706 traxe
1074 1682 1143 1718 per
1163 1683 1321 1708 omnem
1339 1687 1345 1709 ε

190 1733 365 1781 reliquias
385 1733 538 1779 Troiae,
560 1733 707 1770 cineres
728 1740 844 1782 atque
865 1747 952 1770 ossa
971 1743 1195 1784 peremptae

190 1799 422 1846 insequitur:
456 1811 589 1835 causas
610 1798 703 1834 tanti
725 1799 819 1835 sciat
840 1799 900 1835 illa
919 1800 1063 1836 furoris.

191 1864 280 1912 Ipse
301 1863 393 1899 mihi
415 1875 538 1911 nuper
559 1863 711 1911 Libycis
733 1870 772 1900 tu
793 1864 898 1900 testis
918 1864 957 1901 in
977 1865 1090 1902 undis

189 1941 304 1977 quam
326 1929 466 1965 molem
490 1928 615 1965 subito
637 1928 819 1966 excierit:
850 1930 969 1966 maria
989 1932 1119 1968 omnia
1139 1933 1248 1970 caelo

189 1995 352 2039 miscuit,
375 1994 516 2030 Aeoliis
538 1993 775 2041 nequiquam
796 1994 891 2030 freta
910 1996 1099 2042 procellis,

190 2061 227 2096 in
248 2060 373 2108 regnis
394 2059 469 2095 hoc
490 2071 581 2095 ausa
601 2059 685 2095 tuis.

191 2126 262 2162 Per
281 2125 404 2161 scelus
426 2136 520 2160 ecce
542 2124 657 2160 etiam
677 2124 853 2161 Troianis
873 2126 1056 2164 matribus
1077 2128 1171 2164 actis

189 2191 331 2228 exussit
352 2189 466 2227 foede
487 2202 650 2238 puppes,
673 2197 711 2226 et
732 2190 851 2226 classe
873 2191 1023 2240 subegit

188 2257 326 2293 amissa
347 2256 474 2293 socios
495 2256 648 2304 ignotae
669 2256 840 2304 linquere
862 2264 993 2294 terrae.

189 2320 307 2368 Quod
329 2328 514 2369 superest,
536 2333 617 2366 oro,
638 2321 750 2357 liceat
771 2321 862 2358 dare
885 2329 965 2358 tuta
986 2334 1054 2370 per
1075 2323 1199 2361 undas

189 2386 272 2422 vela
291 2386 369 2432 tibi,
391 2386 503 2422 liceat
525 2386 756 2423 Laurentem
777 2386 962 2435 attingere
984 2387 1168 2436 Thybrim
1188 2403 1194 2425 ε

1513 128 1583 168 15¹

1535 303 1590 340 765

1535 635 1592 663 770

1535 960 1591 990 775

1534 1282 1591 1317 780

1533 1608 1589 1644 785
1633 1621 1638 1626 ·

1531 1943 1589 1970 790

1530 2266 1585 2295 795

247 2470 290 2491 ⁷⁷⁵
297 2471 424 2507 proicit.
447 2471 482 2500 R.
522 2470 563 2491 777
578 2470 655 2499 after
668 2470 718 2499 778.
742 2471 777 2500 R.
818 2471 859 2491 ⁷⁸4
874 2481 918 2500 ve.
942 2473 983 2501 H.
1015 2471 1064 2492 '⁷⁹1
1079 2474 1285 2509 nequidquam
1305 2473 1462 2510 (always).
1485 2474 1526 2502 H.
