1690 2734
200 228 258 261 IV.
277 227 368 270 258]
636 218 722 258 lee
752 217 931 257 Hcmld
957 217 1170 269 lllc’rcmy.

201 349 413 394 exspectat,
434 342 598 392 fatisque
620 341 728 379 datas
749 354 828 378 non
848 340 1003 390 respicit
1023 340 1147 386 urbes,

201 410 422 459 adloquere,
444 416 483 446 et
504 408 637 445 celeris
659 408 766 444 defer
786 419 873 444 mea
893 406 998 443 dicta
1016 418 1085 455 per
1105 417 1226 442 auras.

204 477 294 513 Non
315 475 420 512 illum
441 474 552 511 nobis
573 473 746 522 genetrix
767 472 1025 521 pulcherrima
1044 471 1160 508 talem

202 541 387 590 promisit,
411 540 647 587 Graiumque
669 538 759 584 ideo
781 538 837 574 bis
859 536 1029 573 vindicat
1049 537 1188 582 armis3

203 605 272 643 sed
293 606 384 651 fore,
407 605 471 653 qui
491 603 688 652 gravidam
710 603 877 650 imperiis
900 602 1078 649 belloque
1105 601 1333 637 frementem

205 671 356 708 Italiam
377 675 537 717 regeret,
560 680 680 716 genus
701 668 777 704 alto
799 680 821 703 a
841 667 1026 714 sanguine
1048 666 1189 703 Teucri

203 735 397 784 proderet,
419 746 465 770 ac
485 740 609 770 totum
630 733 701 769 sub
721 732 823 780 leges
845 732 1011 768 mitteret
1033 731 1180 769 orbem.

204 801 241 837 Si
263 800 364 836 nulla
384 798 565 835 accendit
586 804 780 834 tantarum
802 797 921 845 gloria
941 808 1081 842 rerum,

205 878 277 902 nec
299 877 413 913 super
433 864 514 912 ipse
536 875 603 900 sua
624 863 776 899 molitur
796 861 909 905 laude
933 861 1120 909 laborem,

207 931 426 967 Ascanione
448 935 555 977 pater
577 929 774 964 Romanas
797 926 942 963 invidet
964 929 1100 964 arces?

207 995 312 1043 Quid
333 995 451 1039 struit,
473 1000 538 1030 aut
558 1005 634 1041 qua
654 1005 722 1040 spe
745 992 900 1028 inimica
921 992 957 1027 in
982 999 1096 1040 gente
1119 1000 1297 1039 moratur,

206 1073 279 1097 nec
300 1060 447 1108 prolem
469 1058 680 1095 Ausoniam
702 1064 739 1094 et
762 1057 918 1093 Lavinia
941 1057 1097 1105 respicit
1120 1059 1235 1094 arva?

208 1125 396 1172 Naviget:
429 1124 526 1160 haec
547 1134 698 1159 summa
720 1128 801 1167 est,
833 1121 894 1157 hic
918 1122 1035 1158 nostri
1058 1123 1213 1159 nuntius
1235 1124 1343 1160 esto.’

262 1190 431 1226 Dixerat.
491 1188 559 1224 Ille
580 1188 695 1236 patris
718 1187 844 1234 magni
868 1198 1000 1234 parere
1023 1188 1183 1235 parabat

208 1255 369 1303 imperio
385 1268 394 1300 3
426 1261 464 1290 et
484 1253 650 1301 primum
673 1251 835 1300 pedibus
859 1252 989 1288 talaria
1009 1253 1129 1290 nectit

209 1332 334 1365 aurea,
356 1330 454 1367 quae
476 1318 679 1354 sublimem
700 1317 765 1353 alis
787 1317 865 1353 sive
888 1329 1055 1365 aequora
1075 1330 1188 1366 supra

209 1397 275 1422 seu
296 1391 434 1421 terram
454 1383 590 1431 rapido
611 1383 751 1431 pariter
771 1394 861 1418 cum
884 1382 1036 1436 flamine
1060 1390 1212 1431 portant
1228 1397 1237 1430 ;

209 1457 290 1487 tum
310 1450 453 1498 virgam
473 1448 600 1497 capit:
633 1447 707 1484 hac
727 1447 873 1484 animas
896 1447 955 1484 ille
979 1455 1115 1485 evocat
1138 1449 1242 1486 Orco

209 1516 398 1565 pallentis,
421 1515 510 1552 alias
531 1515 603 1552 sub
622 1515 780 1551 Tartara
802 1513 918 1550 tristia
940 1513 1065 1559 mittit,

211 1582 278 1619 dat
298 1594 455 1619 somnos
475 1581 700 1629 adimitque,
723 1587 762 1617 et
784 1579 928 1616 lumina
949 1584 1072 1615 morte
1095 1579 1273 1627 resignat.

165 1680 173 1687 .
214 1647 284 1684 Illa
303 1647 417 1684 fretus
440 1647 516 1695 agit
535 1653 682 1691 ventos,
704 1652 742 1682 et
764 1644 917 1682 turbida
937 1650 1061 1680 tranat

213 1712 342 1749 nubila
358 1726 367 1758 3
399 1712 551 1760 iainque
573 1712 704 1748 volans
726 1711 877 1759 apicem
905 1716 943 1746 et
964 1709 1081 1745 latera
1101 1708 1221 1745 ardua
1241 1710 1362 1745 cernit

216 1778 375 1814 Atlantis
396 1777 491 1823 duri,
514 1778 664 1814 caelum
685 1777 750 1824 qui
770 1776 913 1812 vertice
935 1774 1053 1820 fulcit,

216 1843 388 1888 Atlantis,
411 1843 581 1879 cinctum
602 1841 763 1879 adsidue
785 1842 847 1878 cui
870 1839 1036 1876 nubibus
1057 1839 1144 1875 atris

215 1908 419 1957 piniferum
442 1915 556 1956 caput
577 1914 613 1944 et
634 1915 750 1944 vento
773 1907 941 1955 pulsatur
963 1911 1000 1941 et
1026 1904 1163 1950 imbri;

216 1973 279 2009 nix
314 1984 466 2009 umeros
502 1973 624 2009 infusa
643 1972 761 2020 tegit,
792 1978 874 2008 tum
898 1970 1056 2007 flumina
1077 1975 1210 2006 mento

218 2038 473 2085 praecipitant
493 2038 604 2083 senis,
628 2045 664 2074 et
684 2037 805 2085 glacie
827 2037 922 2085 riget
942 2034 1097 2072 horrida
1118 2034 1248 2071 barba.

221 2103 300 2139 Hic
321 2103 484 2151 primum
506 2102 660 2151 paribus
682 2102 807 2138 nitens
829 2101 1022 2150 Cyllenius
1045 2100 1113 2137 alis

219 2168 388 2205 constitit
405 2182 413 2214 3
444 2169 534 2204 hinc
555 2174 637 2205 toto
659 2179 846 2215 praeceps
868 2179 907 2203 se
930 2177 1092 2214 corpore
1114 2164 1164 2201 ad
1185 2163 1308 2201 undas

220 2234 332 2278 misit,
355 2233 413 2269 avi
434 2233 577 2278 similis,
599 2244 698 2280 quae
720 2232 865 2268 circum
886 2232 1006 2275 litora,
1030 2231 1175 2267 circum

221 2298 396 2345 piscosos
417 2297 596 2345 scopulos
618 2296 768 2332 humilis
789 2296 890 2332 volat
911 2307 1078 2344 aequora
1099 2295 1214 2332 iuxta.

224 2361 344 2399 Haud
365 2362 470 2398 aliter
491 2368 606 2398 terras
628 2361 725 2398 inter
745 2361 973 2408 caelumque
994 2360 1159 2406 volabat,

222 2427 307 2463 litus
327 2438 533 2463 arenosum
555 2426 699 2474 Libyae
721 2432 934 2472 ventosque
955 2425 1112 2462 secabat

224 2497 398 2530 materno
418 2491 576 2527 veniens
597 2490 646 2527 ab
667 2502 737 2526 avo
761 2490 934 2538 Cyllenia
954 2490 1093 2537 proles.

339 2574 380 2595 227
389 2575 538 2612 genetrix
552 2575 644 2604 nobis.
667 2576 703 2603 R.
793 2574 836 2595 25⁶
849 2574 861 2595 7
877 2574 889 2594 ⁸
906 2575 1063 2603 Brackets.
1087 2575 1123 2602 R.
1201 2573 1243 2594 25⁷
1257 2575 1450 2603 harenosum.
1474 2574 1510 2604 R.

1523 228 1597 268 113

1548 346 1602 375 225

1551 673 1606 701 230

1553 999 1607 1027 235

1556 1327 1612 1354 240

1559 1650 1614 1679 245

1564 1974 1619 2003 250

1568 2300 1621 2327 255
