1690 2734
98 193 160 236 5q
458 194 483 221 1.
526 180 613 220 lee
647 180 860 233 Laudz'ng
889 193 934 219 m
968 179 1135 231 Africa.

96 305 361 353 artificumque
383 316 518 341 manus
540 304 638 340 inter
657 315 697 339 se
719 314 960 350 operumque
982 302 1153 338 laborem

95 370 261 415 miratur,
282 369 387 406 videt
409 369 545 406 Iliacas
567 380 615 404 ex
635 367 769 404 ordine
792 379 953 415 pugnas,

94 434 269 482 bellaque
291 434 366 470 iam
388 434 489 470 fama
510 440 634 470 totum
654 432 805 480 volgata
826 444 895 480 per
917 432 1064 478 orbem,

96 499 260 545 Atridas,
283 500 565 546 Priamumque,
589 504 626 534 et
647 510 803 534 saevum
825 497 1014 534 ambobus
1034 497 1236 534 Achillem.

96 565 288 609 Constitit,
306 571 344 600 et
364 564 579 608 lacrimans,
603 566 610 581 ⁴
630 563 725 610 Quis
749 563 825 598 iam
847 562 953 598 locus
970 563 977 577 ²
1000 562 1123 610 inquit
1144 565 1152 580 ⁴
1170 562 1330 606 Achate,

96 641 194 677 quae
215 629 320 677 regio
342 629 380 665 in
401 628 506 664 terris
528 628 647 665 nostri
669 639 748 663 11011
770 627 885 675 plena
905 627 1073 664 laboris?

98 695 158 731 En
180 694 349 730 Priamus
370 696 375 730 ἔ
435 694 528 730 Sunt
548 692 610 729 hic
632 692 747 728 etiam
771 705 839 728 sua
858 693 1030 740 praemia
1049 692 1153 729 laudi
1168 706 1179 738 3

96 766 183 796 sunt
203 759 382 795 lacrimae
403 770 529 794 rerum
552 765 590 794 et
612 765 784 794 mentem
807 758 981 794 mortalia
1002 764 1175 806 tangunt.

96 825 206 862 Solve
227 831 353 860 metus
369 837 378 870 3
409 824 503 860 feret
524 823 620 859 haec
643 823 810 871 aliquam
832 823 900 859 tibi
921 824 1022 860 fama
1042 823 1228 859 salutem.’

96 890 157 927 Sic
178 890 240 935 ait,
263 896 378 937 atque
402 889 575 925 animum
597 889 747 936 pictura
771 888 894 936 pascit
914 888 1030 934 inani,

97 956 215 991 multa
244 967 415 1003 gemens.
446 955 628 1001 largoque
659 960 829 990 umectat
854 952 1009 989 flumine
1032 953 1189 989 voltum.

151 1020 331 1067 Namque
352 1018 520 1064 videbat,
544 1018 597 1055 uti
618 1017 804 1055 bellantes
827 1019 1013 1066 Pergama
1032 1018 1178 1053 circum

96 1085 168 1121 hac
190 1085 364 1132 fugerent
385 1084 502 1129 Graii,
525 1089 717 1132 premeret
738 1083 906 1119 Troiana
927 1083 1115 1127 iuvenum,

96 1151 168 1186 hac
191 1150 371 1198 Phryges,
390 1149 545 1185 instaret
568 1161 679 1184 curru
702 1148 876 1184 cristatus
897 1147 1077 1183 Achilles.

98 1216 183 1251 Nec
204 1215 340 1263 procul
362 1214 452 1250 hinc
474 1214 593 1250 Rhesi
615 1213 735 1249 niveis
757 1212 922 1248 tentoria
941 1212 1033 1248 velis

96 1280 299 1329 adgnoscit
320 1279 535 1324 lacrimans,
559 1279 683 1327 primo
705 1289 803 1325 quae
825 1277 978 1325 prodita
998 1289 1136 1313 somno

95 1345 268 1394 Tydides
290 1345 409 1381 multa
431 1344 603 1381 vastabat
625 1342 747 1379 caede
771 1349 964 1388 cruentus,

97 1411 343 1459 ardentisque
366 1410 500 1446 avertit
521 1421 642 1456 equos
665 1409 703 1444 in
724 1415 858 1453 castra,
880 1408 983 1456 prius
1004 1419 1121 1455 quam

96 1476 236 1525 pabula
255 1481 471 1524 gustassent
492 1474 630 1510 Troiae
652 1473 929 1520 Xanthumque
951 1472 1150 1509 bibissent.

98 1543 206 1579 Parte
228 1541 301 1577 alia
321 1540 470 1589 fugiens
492 1539 641 1576 amissis
663 1538 813 1574 Troilus
835 1538 961 1583 armis,

96 1608 225 1644 infelix
245 1619 341 1655 puer
361 1612 477 1653 atque
501 1605 625 1652 impar
647 1615 874 1651 congressus
897 1602 1048 1648 Achilli,

95 1674 212 1710 fertur
232 1672 352 1720 equis,
375 1682 564 1718 curruque
589 1669 719 1705 haeret
741 1668 942 1716 resupinus
963 1668 1079 1713 inani,

95 1739 175 1775 lora
194 1745 330 1774 tenens
353 1743 483 1773 tamen
500 1749 508 1782 3
540 1735 629 1771 huic
652 1734 857 1782 cervixque
879 1745 1093 1780 comaeque
1115 1732 1313 1769 trahuntur

96 1816 165 1852 per
184 1810 335 1848 terram,
358 1809 396 1838 et
415 1813 524 1837 versa
545 1800 666 1848 pulvis
684 1799 900 1836 inscribitur
919 1798 1039 1835 hasta.

98 1870 251 1906 Interea
273 1867 321 1904 ad
342 1867 530 1915 templum
551 1878 630 1902 non
654 1876 801 1912 aequae
828 1863 991 1900 Palladis
1012 1863 1118 1899 ibant

97 1935 263 1971 crinibus
287 1932 426 1970 Iliades
447 1932 567 1980 passis
590 1931 827 1979 peplumque
851 1929 1036 1974 ferebant,

97 2000 319 2048 suppliciter
339 1998 462 2035 tristes
484 2004 521 2033 et
542 2003 677 2033 tunsae
698 2002 859 2044 pectora
882 1994 1019 2042 palmis
1034 2007 1045 2040 3

97 2065 185 2102 diva
205 2065 287 2101 solo
308 2064 403 2100 fixos
425 2062 557 2100 oculos
578 2073 709 2098 aversa
729 2060 898 2097 tenebat.

97 2132 174 2168 Ter
194 2131 340 2167 circum
364 2129 502 2166 Iliacos
523 2133 736 2176 raptaverat
760 2127 935 2163 Hectora
956 2136 1097 2168 muros,

99 2196 397 2242 exanimumque
418 2205 510 2230 auro
532 2205 672 2240 corpus
693 2191 886 2228 vendebat
908 2189 1088 2226 Achilles.

97 2262 201 2298 Tum
221 2273 311 2297 vero
331 2260 528 2307 ingentem
550 2258 736 2306 gemitum
758 2256 824 2293 dat
843 2262 1001 2305 pectore
1025 2255 1074 2291 ab
1095 2254 1184 2298 imo,

98 2333 139 2364 ut
160 2326 293 2374 spolia,
313 2332 353 2361 ut
375 2336 517 2369 currus,
538 2329 656 2371 utque
678 2323 804 2371 ipsum
826 2334 965 2370 corpus
987 2321 1113 2358 amici.

99 2390 402 2437 tendentemque
423 2400 559 2425 manus
582 2388 773 2424 Priamum
796 2386 997 2434 conspexit
1019 2385 1184 2422 inermis.

99 2457 145 2493 Se
167 2467 324 2504 quoque
345 2453 583 2502 principibus
604 2452 834 2500 permixtum
857 2450 1041 2498 adgnovit
1063 2449 1228 2493 Achivis,

175 2540 219 2561 455
235 2541 366 2569 intrans.
389 2540 425 2568 R.
849 2536 894 2556 4⁷⁹
910 2535 937 2556 80
955 2535 982 2556 81
999 2534 1028 2555 δ’]
1043 2535 1183 2562 between
1199 2532 1243 2552 47³
1259 2533 1322 2561 and
1337 2532 1359 2560 ¹³.
1386 2532 1420 2559 R.

1334 183 1493 225 [AENEID.

1439 307 1494 337 455

1441 626 1497 660 460

1441 950 1496 985 465

1443 1284 1499 1310 470

1444 1608 1498 1636 475

1442 1927 1499 1961 480

1442 2250 1497 2284 485
