1690 2734
144 138 202 177 40
509 139 533 168 Ι.
578 128 664 167 Tlce
695 128 907 181 Landz'ng
936 129 981 168 ilc
1013 130 1181 183 Africa.

146 251 229 286 Iam
250 251 415 287 validam
438 251 573 287 Ilionei
594 263 745 296 navem,
768 252 842 288 iam
864 253 967 289 fortis
989 253 1136 299 Achati,

144 321 183 351 et
203 327 278 363 qua
298 322 430 351 vectus
451 316 566 361 Abas,
588 322 626 352 et
646 328 724 363 qua
742 316 983 364 grandaevus
1004 318 1145 364 Aletes,

142 379 232 415 vicit
254 379 402 428 hiemps
419 393 428 426 3
459 380 551 416 laxis
572 380 732 416 laterum
755 382 1009 429 compagibus
1029 394 1164 419 ornnes

142 444 337 492 accipiunt
358 445 556 481 inimicum
578 445 753 491 imbrem,
775 446 957 494 rimisque
979 447 1170 484 fatiscunt.

197 510 350 545 Interea
371 522 512 557 magno
535 510 687 546 misceri
709 523 901 548 murmure
922 504 1100 560 pontum,

141 574 399 622 emissamque
424 574 592 611 hiemem
614 575 732 611 sensit
754 576 974 624 Neptunus,
996 583 1033 614 et
1053 577 1136 613 imis

140 648 274 688 stagna
294 640 418 676 refusa
438 640 556 685 vadis,
579 641 742 688 graviter
764 648 983 679 commotus
999 656 1009 688 3
1040 649 1077 678 et
1098 642 1175 678 alto

139 706 392 754 prospiciens,
414 718 565 742 summa
584 706 781 755 placidum
803 714 918 756 caput
938 707 1071 744 extulit
1092 706 1206 744 unda.

141 771 354 808 Disiectam
376 773 531 808 Aeneae
553 778 635 808 toto
656 772 760 809 videt
781 785 948 821 aequore
970 773 1144 818 classem,

138 836 314 874 fluctibus
336 849 540 885 oppressos
561 839 682 874 Troas
705 838 878 886 caelique
900 838 1019 883 ruina,

137 914 210 938 nec
231 902 373 938 latuere
395 902 474 939 doli
495 903 648 939 fratrem
670 904 829 939 Iunonis
851 910 888 939 et
909 903 996 940 irae.

138 967 283 1003 Eurum
304 967 352 1003 ad
374 980 414 1004 se
435 968 730 1016 Zephyrumque
751 975 875 1008 vocat,
898 967 1040 1004 dehinc
1061 967 1149 1004 talia
1168 967 1288 1004 fatur:

190 1036 199 1050 ‘
215 1033 389 1069 Tantane
410 1045 478 1069 vos
499 1034 647 1081 generis
668 1033 791 1070 tenuit
812 1033 954 1069 fiducia
973 1033 1114 1069 vestri?

136 1098 220 1134 Iam
241 1098 391 1134 caelum
413 1104 630 1145 terramque
653 1110 741 1134 meo
763 1099 843 1134 sine
865 1098 1034 1143 numine,
1055 1098 1170 1143 venti,

134 1163 307 1208 miscere,
330 1169 368 1199 et
387 1169 511 1199 tantas
532 1162 682 1199 audetis
703 1163 834 1199 tollere
856 1163 1006 1200 moles?

135 1228 244 1274 Quos
266 1240 339 1276 ego
354 1250 407 1254 —
422 1227 492 1264 sed
513 1235 639 1265 motos
661 1235 826 1276 praestat
847 1241 1083 1276 componere
1104 1228 1251 1265 fluctus.

134 1293 224 1328 Post
244 1292 337 1329 mihi
357 1305 436 1329 non
457 1293 568 1329 simili
588 1305 717 1341 poena
737 1294 942 1329 commissa
962 1293 1083 1330 luetis.

134 1357 324 1394 Maturate
346 1357 486 1405 fugam,
508 1358 665 1406 regique
687 1357 783 1394 haec
804 1357 921 1394 dicite
942 1365 1066 1394 vestro
1084 1373 1090 1394 :

132 1434 211 1458 non
232 1421 281 1458 illi
302 1422 504 1470 imperium
524 1422 649 1470 pelagi
670 1435 903 1470 saevumque
925 1422 1143 1468 tridentem,

659 1488 784 1523 Tenet
805 1487 865 1523 ille
886 1487 1069 1524 immania
1088 1501 1189 1534 saxa,

131 1485 201 1523 sed
222 1486 314 1523 mihi
335 1494 434 1523 sorte
456 1486 601 1523 datum.

130 1557 284 1597 vestras,
308 1552 421 1596 Eure,
444 1551 582 1588 domos
598 1566 608 1598 3
639 1552 701 1588 illa
720 1564 760 1588 se
782 1552 898 1589 iactet
917 1551 956 1589 in
977 1552 1062 1589 aula

130 1616 285 1662 Aeolus,
307 1623 345 1653 et
366 1617 496 1653 clauso
515 1623 719 1653 ventorum
738 1629 893 1653 carcere
914 1619 1073 1665 regnet?

184 1681 245 1718 Sic
266 1682 328 1727 ait,
351 1688 388 1718 et
409 1681 515 1718 dicto
535 1682 646 1718 citius
667 1681 816 1718 tumida
835 1694 1004 1730 aequora
1022 1682 1161 1731 placat,

130 1747 389 1795 collectasque
412 1747 516 1795 sugat
539 1747 674 1792 nubes,
696 1747 895 1795 solemque
916 1746 1077 1785 reducit.

130 1811 348 1859 Cymothoe
370 1812 481 1848 simul
503 1818 539 1848 et
559 1812 694 1848 Triton
714 1811 877 1848 adnixus
898 1818 1013 1849 acuto

129 1875 339 1912 detrudunt
359 1877 464 1913 navis
485 1877 646 1925 scopulo
661 1890 672 1924 3
702 1877 801 1913 levat
822 1877 903 1925 ipse
926 1876 1107 1926 tridenti,

128 1947 165 1977 et
185 1947 309 1977 vastas
331 1942 452 1989 aperit
472 1942 591 1990 syrtis,
614 1948 652 1978 et
671 1948 862 1990 temperat
883 1955 1039 1990 aequor,

127 2012 242 2054 atque
263 2007 355 2043 rotis
376 2019 545 2043 summas
566 2007 711 2044 levibus
732 2007 940 2055 perlabitur
960 2007 1096 2045 undas.

127 2072 184 2107 Ac
206 2071 320 2107 veluti
342 2084 483 2120 magno
505 2072 542 2108 in
562 2072 708 2120 populo
730 2085 818 2108 cum
840 2085 956 2121 saepe
977 2073 1111 2110 coorta
1131 2081 1188 2111 est

127 2135 276 2181 seditio,
300 2137 496 2184 saevitque
517 2137 653 2173 animis
675 2137 842 2185 ignobile
864 2137 1008 2186 volgus,

127 2201 279 2248 iamque
302 2202 404 2237 faces
426 2208 464 2238 et
485 2215 575 2238 saxa
594 2203 723 2239 volant
739 2203 908 2239 —furor
927 2216 1032 2240 arma
1052 2204 1238 2241 ministrat
1254 2219 1263 2252 3

127 2273 220 2307 tum,
242 2267 384 2314 pietate
406 2280 558 2315 gravem
581 2281 626 2304 ac
647 2269 789 2305 meritis
811 2269 841 2305 si
862 2269 957 2306 forte
978 2270 1099 2306 virum
1122 2282 1238 2319 quern

127 2344 378 2380 conspexere,
401 2332 522 2377 silent,
545 2333 776 2381 arrectisque
798 2334 950 2371 auribus
974 2333 1125 2372 adstant
1141 2349 1151 2382 ς

319 2435 361 2457 120
380 2438 505 2466 Aslmte.
531 2439 571 2466 H.

320 2485 581 2521 121grandaevos.
606 2488 642 2516 R·

711 2438 754 2458 122
770 2439 875 2467 hiems.
900 2439 940 2468 H.

1089 2440 1132 2460 138
1145 2449 1274 2469 saevom.
1298 2441 1333 2470 R.

1092 2488 1134 2508 148
1150 2489 1283 2517 cohorta.

1378 137 1538 179 [AENEID.

1484 262 1538 281 120

1483 585 1535 614 125

1477 911 1533 940 130

1479 1237 1530 1265 135

1476 1562 1530 1590 140

1473 1887 1526 1917 145

1473 2213 1526 2242 150
1565 2203 1567 2206 '
