1690 2734
134 193 303 234 V1.632.]
364 182 367 184 ’
513 186 598 227 lee
630 186 823 225 Horrors
855 188 909 239 of
939 185 1160 226 Tarlm‘ns.

132 310 288 355 viscera,
309 309 542 358 rimaturque
563 309 695 358 epulis,
718 309 940 358 habitatque
962 309 1032 346 sub
1056 310 1131 345 alto

132 382 301 424 pectore,
323 388 396 411 nec
419 375 521 411 fibris
542 375 693 422 requies
715 374 826 411 datur
846 375 921 411 ulla
940 374 1091 410 renatis.

135 439 262 490 [Quid
285 452 497 476 memorem
521 439 713 486 Lapithas,
739 439 873 475 Ixiona
896 439 1183 487 Pirithoumque
1196 438 1232 489 ?]

130 517 227 553 quos
248 516 361 553 super
381 512 461 541 atra
481 505 573 540 silex
595 505 669 540 iam
691 504 763 539 iam
786 504 935 552 lapsura
956 503 1188 553 cadentique

130 569 304 606 imminet
324 569 506 606 adsimilis
524 583 532 615 ;
564 569 693 605 lucent
712 569 923 617 genialibus
945 569 1026 605 altis

130 647 243 671 aurea
264 635 381 671 fulcra
401 635 503 679 toris,
526 634 740 682 epulaeque
763 640 851 670 ante
874 647 939 670 ora
960 640 1113 682 paratae

128 699 285 747 regifico
307 699 396 736 luxu
414 713 423 745 3
457 699 654 735 Furiarum
675 699 842 735 maxima
864 699 966 735 iuxta

129 765 304 809 accubat,
326 770 364 800 et
384 764 560 800 manibus
581 764 759 812 prohibet
780 764 1003 812 contingere
1025 777 1190 810 mensas,

130 829 373 878 exsurgitque
396 829 518 865 facem
541 829 730 874 attollens,
753 835 867 877 atque
890 830 1037 866 intonat
1058 843 1136 866 ore.

183 897 191 913 ‘
210 894 301 940 Hic,
324 894 462 942 quibus
483 894 590 930 invisi
613 894 755 938 fratres,
779 893 871 930 dum
892 895 967 930 vita
987 895 1180 941 manebat,

128 960 344 1008 pulsatusve
366 971 517 1007 parens,
540 966 577 995 et
598 959 696 995 fraus
718 959 857 995 innexa
877 960 1018 1005 clienti,

128 1032 191 1061 aut
212 1025 276 1073 qui
298 1024 437 1061 divitiis
458 1024 527 1061 soli
549 1025 757 1060 incubuere
778 1025 949 1072 repertis,

128 1103 200 1126 nec
222 1097 370 1138 partem
391 1101 554 1138 posuere
578 1090 653 1125 suis
681 1091 800 1138 (quae
822 1090 989 1126 maxima
1009 1090 1119 1127 turba
1139 1090 1234 1139 est),

129 1156 270 1204 quique
292 1155 344 1192 ob
364 1154 594 1191 adulterium
617 1155 732 1199 caesi,
754 1155 897 1202 quique
918 1167 1023 1190 arma
1043 1156 1165 1192 secuti

129 1221 247 1269 impia
267 1233 340 1256 nec
360 1220 467 1256 veriti
488 1219 734 1256 dominorum
756 1220 882 1256 fallere
905 1219 1069 1265 dextras,

130 1286 265 1322 inclusi
287 1297 455 1334 poenam
478 1291 717 1333 exspectant.
778 1285 838 1321 Ne
859 1297 1000 1333 quaere
1022 1285 1155 1323 doceri

129 1363 245 1399 quam
267 1362 446 1399 poenam,
469 1356 533 1386 aut
553 1361 652 1398 quae
674 1350 794 1386 forma
814 1350 912 1386 viros
934 1351 1131 1387 fortunave
1154 1351 1296 1388 mersit.

130 1416 266 1452 Saxum
290 1416 423 1463 ingens
445 1414 601 1451 volvunt
621 1414 694 1459 alii,
716 1414 906 1462 radiisque
928 1422 1096 1452 rotarum

129 1480 286 1516 districti
309 1479 507 1528 pendent3
540 1479 663 1524 sedet,
685 1486 962 1528 aeternumque
985 1480 1148 1527 sedebit,

129 1545 259 1581 infelix
277 1545 452 1581 Theseus
470 1558 478 1589 3
510 1545 773 1593 Phlegyasque
796 1546 1026 1582 miserrimus
1047 1546 1172 1582 omnis

129 1610 326 1656 admonet,
349 1617 386 1646 et
406 1622 548 1658 magna
568 1616 726 1646 testatur
747 1622 843 1647 voce
865 1622 933 1658 per
952 1611 1105 1647 umbras
1123 1625 1129 1647 :

128 1676 277 1712 Discite
296 1676 484 1712 iustitiam
507 1676 654 1720 mam'ti,
675 1681 714 1712 et
730 1688 805 1711 mm
828 1681 991 1711 tenellam
1011 1677 1128 1712 divos.

129 1739 314 1777 Vendidit
336 1739 396 1776 hic
417 1752 510 1776 auro
530 1740 705 1788 patriam,
728 1739 1008 1788 dominumque
1030 1748 1230 1788 potentem

130 1805 336 1853 imposuit3
368 1805 447 1841 fixit
467 1805 570 1852 leges
591 1805 715 1853 pretio
736 1812 851 1853 atque
868 1805 990 1841 refixit
1008 1818 1014 1844 :

131 1870 191 1906 hic
213 1870 422 1906 thalamum
444 1870 580 1906 invasit
600 1877 712 1906 natae
733 1871 946 1918 vetitosque
970 1871 1230 1918 hymenaeos,

131 1935 210 1971 ausi
232 1947 365 1972 omnes
388 1935 553 1971 immane
577 1935 695 1981 nefas,
719 1934 891 1983 ausoque
913 1936 1036 1983 potiti.

132 2001 234 2046 Non,
256 2000 349 2037 mihi
370 2001 398 2037 si
420 2001 571 2048 linguae
593 2008 748 2037 centum
766 2001 840 2037 sint
861 2013 1004 2049 oraque
1026 2008 1196 2043 centum,

130 2065 249 2102 ferrea
270 2078 355 2110 vox,
378 2066 502 2102 omnis
524 2066 712 2102 scelerum
733 2066 1015 2114 comprendere
1038 2067 1189 2111 formas,

131 2130 261 2166 onmia
282 2142 493 2178 poenarum
516 2143 736 2179 percurrere
759 2132 916 2168 nomina
937 2132 1107 2179 possim.’

188 2196 299 2231 Haec
321 2195 383 2231 ubi
405 2195 509 2232 dicta
529 2195 638 2232 (ledit
660 2196 806 2233 Phoebi
828 2197 1014 2244 longaeva
1036 2197 1218 2234 sacerdos
1236 2211 1242 2233 :

133 2262 141 2278 ‘
157 2259 233 2296 Sed
254 2260 327 2296 iam
349 2272 432 2308 age,
455 2273 568 2309 carpe
591 2261 690 2296 viam
711 2268 748 2297 et
769 2269 989 2309 susceptum
1013 2262 1155 2309 perfice
1178 2274 1343 2308 munus3

132 2323 419 2362 adceleremus'
441 2326 491 2361 ait
508 2339 516 2370 3
549 2326 787 2373 ‘Cyclopum
808 2326 949 2362 educta
969 2327 1128 2363 caminis

133 2389 287 2424 moenia
307 2389 507 2437 conspicio
527 2397 642 2438 atque
665 2390 825 2427 adverso
847 2391 990 2443 fornice
1013 2398 1154 2438 portas,

134 2452 230 2489 haec
250 2454 314 2490 ubi
335 2466 405 2490 nos
425 2462 632 2502 praecepta
652 2455 785 2492 iubent
805 2455 1002 2503 deponere
1024 2455 1154 2493 dona.'

736 2539 778 2561 ⁶02
792 2549 860 2578 quo.
884 2541 918 2569 R.

1456 197 1530 239 173

1478 375 1535 402 600

1476 1026 1532 1052 610

1475 1351 1530 1386 615

1475 1677 1531 1704 620

1476 2002 1531 2037 625

1477 2325 1534 2361 630
