1690 2734
135 199 190 239 66
574 206 616 235 11.
651 194 738 233 lee
766 194 871 233 Fal!
896 194 950 246 of
980 193 1097 246 Troy.

134 320 356 368 corripiunt,
379 319 566 367 spirisque
589 318 706 365 ligant
732 317 978 364 ingentibus,
1009 322 1046 352 et
1066 316 1141 352 iam

133 387 191 423 bis
212 384 384 422 medium
406 382 586 432 amplexi,
611 382 667 419 bis
690 381 789 418 collo
812 392 997 429 squamea
1017 381 1162 417 circum

133 458 239 498 terga
260 449 350 494 dati,
373 454 554 496 superant
577 447 702 494 capite
725 452 762 482 et
787 445 1000 482 cervicibus
1022 445 1117 482 altis.

135 516 203 552 Ille
225 514 337 552 simul
359 513 536 550 manibus
562 510 686 548 tendit
707 510 888 547 divellere
909 509 1048 555 nodos,

133 581 307 629 perfusus
329 578 433 615 sanie
456 578 566 614 vittas
590 583 750 624 atroque
772 587 936 620 veneno,

133 646 321 681 clamores
343 643 454 680 simul
475 640 689 678 horrendos
711 640 760 677 ad
782 639 907 677 sidera
927 640 1047 678 tollit:

133 710 264 758 quales
286 708 464 756 mugitus,
486 707 580 755 fugit
604 719 693 742 cum
715 706 867 742 saucius
888 718 991 742 aram

134 785 272 820 taurus,
296 780 332 811 et
353 774 541 810 incertam
566 771 734 808 excussit
755 771 903 807 cervice
926 773 1103 808 securim.

133 843 180 877 At
200 840 345 888 gemini
365 840 473 887 lapsu
494 837 653 874 delubra
674 836 723 873 ad
745 849 896 873 summa
915 837 1104 873 dracones

133 905 317 952 effugiunt
338 914 553 951 saevaeque
580 909 718 951 petunt
738 902 947 938 Tritonidis
968 915 1109 948 arcem,

132 970 202 1006 sub
225 969 469 1017 pedibusque
495 967 591 1004 deae
616 968 808 1016 clipeique
830 968 899 1004 sub
921 968 1013 1004 orbe
1035 974 1226 1016 teguntur.

132 1035 233 1071 Tum
255 1046 344 1070 vero
365 1033 591 1069 tremefacta
614 1044 736 1068 novus
760 1044 828 1080 per
851 1039 1010 1080 pectora
1030 1033 1179 1069 cunctis

132 1100 299 1135 insinuat
319 1110 449 1146 pavor,
474 1104 511 1134 et
533 1098 657 1134 scelus
679 1096 910 1149 expendisse
932 1104 1145 1134 merentem

135 1164 362 1201 Laocoonta
382 1163 519 1208 ferunt,
539 1174 690 1199 sacrum
713 1162 778 1210 qui
800 1161 960 1210 cuspide
981 1162 1097 1198 robur

132 1229 294 1274 laeserit,
318 1235 355 1265 et
376 1235 484 1276 tergo
506 1227 732 1264 sceleratam
755 1227 945 1264 intorserit
966 1227 1126 1264 hastam.

136 1293 373 1331 Ducendum
395 1293 445 1330 ad
466 1292 579 1330 sedes
601 1293 846 1330 simulacrum
870 1292 1092 1341 orandaque
1115 1292 1226 1330 divae

134 1360 292 1396 numina
314 1358 571 1396 conclamant.

189 1424 406 1461 Dividimus
427 1436 556 1460 muros
578 1430 615 1460 et
636 1423 793 1460 moenia
813 1423 1020 1472 pandimus
1041 1423 1156 1460 urbis.

135 1490 354 1538 Accingunt
375 1501 512 1527 omnes
534 1489 653 1537 operi,
676 1487 920 1537 pedibusque
941 1495 1109 1524 rotarum

134 1556 326 1592 subiciunt
346 1555 486 1603 lapsus,
510 1561 547 1591 et
569 1561 734 1602 stuppea
753 1554 907 1591 vincula
928 1554 1028 1590 collo

134 1619 362 1657 intendunt:
393 1619 545 1656 scandit
567 1619 689 1656 fatalis
711 1619 893 1656 machina
914 1631 1056 1664 muros,

134 1685 211 1722 feta
230 1685 356 1722 armis.
418 1685 529 1722 Pueri
552 1685 698 1720 circum
722 1684 986 1732 innuptaeque
1008 1684 1159 1732 puellae

135 1763 242 1787 sacra
264 1757 420 1796 canunt,
443 1750 654 1797 funemque
677 1761 793 1786 manu
816 1750 1040 1797 contingere
1061 1749 1245 1797 gaudent.

136 1816 204 1852 Illa
225 1815 336 1861 subit,
360 1814 591 1862 mediaeque
615 1814 766 1851 minans
787 1814 966 1851 inlabitur
986 1815 1081 1851 urbi.

136 1881 171 1918 O
192 1881 324 1928 patria,
348 1880 383 1917 O
406 1880 538 1917 divom
562 1878 701 1916 domus
727 1879 852 1924 Ilium,
875 1886 912 1915 et
933 1879 1077 1916 incluta
1096 1880 1197 1916 bello

135 1946 290 1982 moenia
314 1943 595 1989 Dardanidum,
622 1951 757 1992 quater
779 1944 864 1992 ipso
884 1944 923 1980 in
943 1944 1073 1980 limine
1095 1952 1227 1992 portae

135 2011 312 2056 substitit,
337 2017 451 2058 atque
475 2016 584 2047 utero
608 2010 777 2046 sonitum
800 2016 935 2057 quater
956 2022 1060 2046 arma
1081 2008 1249 2046 dedere:

135 2076 320 2112 instamus
342 2082 471 2112 tamen
496 2076 729 2112 inmemores
752 2075 936 2122 caecique
958 2074 1096 2119 furore,

136 2148 174 2177 et
194 2147 408 2177 monstrum
430 2140 559 2176 infelix
583 2147 729 2176 sacrata
751 2140 916 2176 sistimus
937 2151 1037 2176 arce.

135 2207 246 2242 Tunc
268 2205 382 2242 etiam
404 2205 488 2242 fatis
509 2206 630 2254 aperit
653 2203 871 2242 Cassandra
891 2204 1022 2241 futuris

136 2282 213 2315 ora,
236 2269 299 2306 dei
321 2270 423 2307 iussu
445 2282 524 2307 non
545 2282 730 2318 umquam
753 2269 902 2306 credita
920 2269 1092 2306 Teucris.

138 2335 220 2371 Nos
242 2334 402 2372 delubra
423 2335 540 2371 deum
562 2335 701 2379 miseri,
724 2335 861 2383 quibus
881 2334 1035 2370 ultimus
1057 2340 1157 2370 esset

136 2400 197 2436 ille
220 2399 314 2445 dies,
335 2400 432 2436 festa
451 2400 621 2436 velamus
642 2399 778 2436 fronde
799 2411 868 2447 per
887 2399 1033 2436 urbem.

193 2465 384 2502 ‘Vertitur
403 2465 549 2501 interea
571 2464 722 2500 caelum
744 2471 780 2500 et
801 2464 874 2500 ruit
896 2476 1046 2500 oceano
1067 2476 1157 2508 nox,

138 2530 335 2567 involvens
357 2528 493 2566 umbra
513 2540 653 2576 magna
672 2535 889 2576 terramque
912 2528 1123 2576 polumque

1375 198 1536 240 [AENmD.

1485 518 1540 537 220

1486 844 1540 872 225

1486 1169 1541 1197 230

1485 1495 1538 1523 235

1486 1822 1541 1847 240

1486 2144 1539 2172 245

1484 2468 1541 2496 250
