1690 2734
126 201 154 233 1.
173 202 264 244 591]
531 196 616 237 Τίτε
648 197 820 250 Appeal
847 199 900 250 of
922 198 1123 239 Ilioneus.

125 326 162 356 at
183 320 276 356 freta
297 321 470 357 Sicaniae
492 321 625 357 saltem
646 320 837 369 sedesque
859 328 1019 370 paratas,

125 384 228 421 unde
252 384 326 421 huc
347 385 511 430 advecti,
534 397 740 434 regemque
764 392 939 434 petamus
962 388 1155 424 Acesten.‘

177 449 334 487 Talibus
357 450 527 487 Ilioneus
543 463 553 497 ;
584 451 715 487 cuncti
735 451 846 488 simul
867 463 932 488 ore
953 452 1168 489 fremebant

125 514 384 552 Dardanidae.

176 580 276 617 Tum
298 580 462 617 breviter
483 579 600 626 Dido,
623 580 768 617 voltum
789 580 968 626 demissa,
992 582 1184 630 profatur:

124 646 132 662 ‘
147 644 286 681 Solvite
308 644 426 681 corde
447 651 606 690 metum,
628 645 780 690 Teucri,
805 645 993 682 secludite
1015 658 1137 684 curas.

124 709 202 746 Res
223 708 320 746 dura
340 716 377 746 et
397 710 503 757 regni
524 710 671 746 novitas
692 721 754 746 me
776 710 866 746 talia
886 718 1031 759 cogunt

122 774 255 820 moliri,
278 780 316 811 et
336 774 408 811 late
430 774 515 811 finis
537 773 700 811 custode
720 775 828 812 tueri.

122 839 218 886 Quis
238 851 359 888 genus
380 839 623 885 Aeneadum,
646 840 730 888 quis
750 840 889 877 Troiae
911 841 1058 878 nesciat
1079 842 1224 888 urbem,

120 905 354 952 virtutesque
374 905 564 952 virosque,
586 911 651 941 aut
671 906 765 942 tanti
787 906 968 942 incendia
989 906 1103 943 belli?

123 969 212 1006 Non
233 969 371 1007 obtusa
390 969 493 1006 adeo
513 976 705 1018 gestamus
728 977 886 1018 pectora
909 972 1040 1015 Poeni,

121 1047 194 1071 nec
214 1041 291 1071 tam
313 1047 464 1071 aversus
486 1046 607 1083 equos
627 1035 741 1084 Tyria
762 1036 825 1073 Sol
847 1036 965 1084 iungit
988 1036 1036 1073 ab
1057 1037 1163 1074 urbe.

120 1101 194 1137 Seu
214 1112 282 1137 vos
305 1100 537 1148 Hesperiam
558 1112 737 1149 magnam
759 1101 1008 1149 Saturniaque
1029 1114 1128 1147 arva,

120 1165 197 1202 sive
220 1165 352 1214 Erycis
374 1165 458 1202 finis
479 1177 686 1214 regemque
709 1166 848 1214 optatis
871 1168 1052 1212 Acesten,

119 1230 259 1267 auxilio
280 1236 382 1267 tutos
404 1230 607 1276 dimittam,
630 1231 848 1279 opibusque
871 1232 1022 1268 iuvabo.

120 1295 240 1332 Voltis
262 1302 298 1332 et
320 1295 375 1332 his
398 1307 552 1332 mecum
573 1296 712 1344 pariter
729 1296 930 1332 considere
952 1297 1077 1345 regnis
1095 1310 1104 1343 ;

119 1361 253 1397 urbem
274 1372 390 1408 quam
411 1367 538 1397 statuo
560 1368 683 1397 vestra
704 1368 772 1405 est,
795 1361 998 1398 subducite
1020 1363 1150 1405 navis;

118 1426 214 1462 Tros
234 1425 448 1474 Tyriusque
470 1426 562 1462 mihi
585 1426 688 1462 nullo
710 1426 931 1463 discrimine
954 1433 1097 1474 agetur.

120 1493 245 1539 Atque
267 1491 412 1527 utinam
433 1503 499 1527 rex
519 1491 600 1539 ipse
624 1491 729 1528 Noto
752 1492 973 1542 compulsus
995 1492 1137 1528 eodem

118 1555 268 1593 adforet
290 1558 442 1593 Aeneas
462 1558 468 1593 1
529 1555 722 1604 Equidem
745 1568 813 1604 per
833 1543 941 1593 litora
963 1563 1089 1594 certos

119 1620 310 1658 dimittam
331 1628 368 1658 et
391 1621 533 1669 Libyae
557 1621 713 1658 lustrare
735 1628 904 1658 extrema
925 1622 1080 1667 iubebo,

118 1687 147 1722 si
168 1686 306 1734 quibus
328 1687 472 1723 eiectus
496 1686 595 1723 silvis
617 1692 680 1722 aut
702 1686 857 1723 urbibus
878 1688 1000 1723 errat.'

174 1752 248 1788 His
269 1752 441 1788 animum
464 1751 597 1788 arrecti
621 1750 733 1788 dictis
755 1758 792 1787 et
813 1752 916 1788 fortis
939 1752 1105 1789 Achates

119 1824 156 1853 et
176 1824 285 1864 pater
305 1819 456 1853 Aeneas
478 1816 704 1853 iamdudum
726 1829 927 1864 erumpere
949 1817 1092 1853 nubem

118 1881 315 1918 ardebant.
376 1882 480 1919 Prior
500 1883 661 1918 Aenean
682 1881 889 1929 compellat
907 1882 1072 1919 Achates
1091 1897 1097 1919 :

120 1949 128 1964 ‘
142 1947 242 1983 Nate
264 1946 349 1991 dea,
372 1959 471 1995 quae
493 1959 597 1984 nunc
619 1947 748 1983 animo
770 1947 958 1983 sententia
979 1948 1123 1996 surgit?

119 2012 250 2048 omnia
270 2019 350 2049 tuta
370 2011 488 2056 vides,
512 2012 671 2048 classem
696 2011 900 2059 sociosque
922 2018 1111 2060 receptos.

118 2076 229 2114 Unus
250 2077 369 2122 abest,
392 2076 523 2114 medio
544 2077 581 2113 in
605 2076 719 2113 fluctu
744 2089 861 2125 quem
884 2076 1049 2114 vidimus
1070 2078 1141 2126 ipsi

119 2141 358 2178 submersum
376 2155 384 2187 ;
416 2140 529 2178 dictis
550 2141 788 2190 respondent
809 2148 937 2178 cetera
957 2143 1111 2180 matris!

172 2207 244 2243 Vix
265 2219 310 2243 ea
331 2206 427 2243 fatus
449 2213 539 2252 erat,
561 2219 651 2243 curn
673 2207 905 2244 circumfusa
927 2214 1085 2255 repente

119 2271 258 2308 scindit
280 2284 318 2309 se
340 2271 461 2308 nubes
483 2277 520 2308 et
540 2272 578 2308 in
600 2271 755 2308 aethera
777 2278 911 2319 purgat
934 2279 1121 2320 apertum.

120 2337 276 2373 Restitit
297 2338 446 2373 Aeneas
467 2336 644 2385 claraque
666 2337 703 2373 in
724 2336 809 2373 luce
831 2337 984 2382 refulsit,

119 2413 161 2437 os
191 2413 422 2449 umerosque
453 2400 529 2437 deo
559 2402 715 2447 similis3
746 2414 913 2450 namque
934 2402 1017 2450 ipsa
1037 2401 1219 2440 decoram

120 2467 328 2503 caesariem
350 2473 440 2502 nato
463 2467 635 2513 genetrix
657 2466 863 2514 lumenque
887 2467 1062 2503 iuventae

121 2542 355 2581 purpureum
377 2537 414 2567 et
435 2531 554 2567 laetos
576 2531 697 2567 oculis
719 2530 876 2567 adflarat
898 2531 1088 2568 bonores:

1473 211 1521 253 53

1467 519 1524 554 560

1466 1175 1522 1203 570

1465 1501 1519 1530 575

1467 1820 1521 1855 580

1465 2145 1519 2180 585

1465 2475 1521 2504 590
