1690 2734
203 141 242 173 V.
262 141 355 182 729.]
374 154 378 158 -
528 175 558 187 ,Ι
577 170 580 174 ,
603 134 687 174 Tlce
717 134 888 174 Flam-s
919 149 994 174 are
1028 135 1199 187 Slayed.

203 258 376 296 turbidus
396 258 520 296 imber
538 270 639 307 aqua
659 257 868 305 densisque
889 258 1114 306 nigerrimus
1135 259 1269 296 austris
1286 273 1295 305 ;

203 324 486 372 implenturque
507 335 620 371 super
641 335 791 371 puppes
809 336 818 368 3
849 323 1032 376 semiusta
1052 323 1282 361 madescunt

203 388 343 426 robora
359 402 368 434 3
397 388 598 424 restinctus
621 387 748 424 donec
770 399 888 435 vapor
908 388 1046 431 omnis,
1070 394 1108 424 et
1128 400 1276 434 omnes,

203 459 383 500 quattuor
402 453 561 497 amissis,
583 459 753 489 servatae
775 465 796 488 a
816 458 924 501 peste
947 453 1110 489 carinae.

256 519 306 554 At
326 524 435 566 pater
453 519 617 562 Aeneas,
640 530 732 554 casu
755 529 969 570 concussus
991 518 1145 563 acerbo,

204 595 307 620 nunc
328 583 403 619 huc
424 583 611 631 ingentes,
633 595 736 619 nunc
758 582 845 619 illuc
868 590 1026 631 pectore
1049 596 1158 620 curas

203 649 374 685 mutabat
394 660 560 692 versans,
585 648 769 685 Siculisne
791 647 975 684 resideret
996 648 1104 693 arvis,

203 714 342 751 oblitus
363 714 539 757 fatorum,
563 712 728 749 Italasne
750 720 968 761 cape—sseret
990 726 1086 750 oras.

202 780 302 815 Tum
324 779 451 815 senior
472 779 634 823 Nautes,
656 791 775 814 unum
794 779 969 817 Tritonia
990 779 1111 815 Pallas

203 856 319 892 quem
340 843 484 888 docuit,
506 843 701 891 multaque
724 844 913 892 insignem
934 843 1104 880 reddidit
1125 851 1216 890 arte,

203 909 300 945 haec
320 921 505 957 responsa
526 908 653 954 dabat,
675 908 734 945 vel
756 921 854 956 quae
876 909 1127 957 portenderet
1148 910 1201 945 ira

203 986 342 1023 magna
362 973 492 1019 deum,
513 973 574 1010 vel
594 986 693 1022 quae
715 974 879 1010 fatorum
904 981 1085 1022 posceret
1106 974 1201 1011 ordo
1219 988 1227 1020 ;

204 1039 311 1087 isque
331 1039 389 1075 his
410 1040 570 1075 Aenean
591 1038 732 1083 solatus
754 1039 914 1075 vocibus
938 1039 1020 1075 infit
1038 1054 1044 1076 :

259 1108 267 1123 ‘
285 1105 386 1142 Nate
407 1104 492 1150 dea,
514 1117 592 1152 quo
612 1104 688 1140 fata
708 1104 860 1140 trahunt
881 1104 1170 1152 retrahuntque,
1193 1117 1423 1153 sequamur3

204 1169 394 1219 quidquid
416 1170 495 1214 erit,
518 1168 737 1217 superanda
757 1169 882 1205 omnis
904 1169 1055 1205 fortuna
1076 1169 1236 1206 ferendo
1260 1178 1326 1207 est.

205 1235 274 1271 Est
294 1234 362 1271 tibi
384 1234 602 1271 Dardanius
624 1233 776 1270 divinae
798 1234 922 1282 stirpis
943 1235 1102 1271 Acestes
1120 1249 1126 1270 ε

204 1299 308 1336 hunc
330 1311 426 1348 cape
448 1299 615 1336 consiliis
637 1299 787 1335 socium
809 1305 846 1335 et
868 1299 1060 1347 coniunge
1081 1300 1276 1336 volentem
1293 1315 1302 1346 3

204 1365 294 1401 huic
314 1363 433 1409 trade,
455 1364 601 1400 amissis
622 1370 803 1412 superant
824 1364 889 1411 qui
910 1364 1081 1409 navibus,
1105 1372 1142 1401 et
1164 1377 1260 1413 quos

203 1436 421 1479 pertaesum
444 1430 572 1477 magni
594 1429 737 1477 incepti
758 1441 963 1477 rerumque
986 1436 1136 1466 tuarum
1158 1436 1214 1466 est
1231 1444 1239 1475 3

202 1495 488 1544 longaevosque
509 1506 620 1531 senes
641 1506 686 1530 ac
706 1494 823 1530 fessas
843 1506 1012 1542 aequore
1034 1501 1184 1539 matres,

204 1566 242 1597 et
261 1558 452 1608 quidquid
473 1565 602 1595 tecum
623 1558 832 1595 invalidum
853 1566 1107 1607 metuensque
1129 1560 1261 1607 pericli
1283 1567 1351 1605 est,

205 1624 343 1673 delige,
365 1631 402 1662 et
423 1624 480 1661 his
501 1624 667 1661 habeant
687 1624 794 1661 terris
815 1624 896 1660 sine
918 1624 1074 1661 moenia
1093 1625 1180 1661 fessi
1199 1640 1205 1661 :

205 1691 339 1727 urbem
360 1689 608 1738 appellabunt
628 1689 816 1737 permisso
837 1689 996 1726 nomine
1019 1690 1227 1726 Acestam.’

257 1755 413 1792 Talibus
434 1754 613 1790 incensus
635 1753 748 1790 dictis
769 1754 931 1791 senioris
952 1754 1080 1799 amici,

204 1826 284 1857 turn
306 1831 396 1856 vero
417 1819 456 1855 in
476 1831 585 1855 curas
610 1819 739 1855 animo
765 1818 961 1855 diducitur
981 1831 1129 1856 omneS.

206 1881 256 1917 Et
276 1892 354 1917 nox
374 1886 454 1916 atra
473 1879 605 1928 polum
626 1879 721 1927 bigis
744 1879 926 1916 subvecta
945 1879 1102 1917 tenebat
1119 1894 1126 1916 :

205 1946 284 1982 visa
304 1945 447 1982 dehinc
468 1944 577 1981 caelo
598 1944 715 1980 facies
737 1943 896 1992 delapsa
915 1944 1084 1992 parentis

205 2010 398 2048 Anchisae
420 2009 546 2047 subito
566 2009 660 2045 tales
681 2008 877 2046 effundere
899 2021 1014 2064 isoces
1033 2024 1039 2046 :

206 2077 216 2094 ‘
231 2076 344 2121 Nate,
366 2074 459 2112 mihi
479 2074 556 2111 vita
575 2073 786 2123 quondam,
809 2073 902 2111 dum
922 2074 999 2110 vita
1018 2074 1211 2120 manebat,

207 2152 293 2177 care
315 2140 448 2188 magis,
470 2145 571 2184 nate,
595 2139 720 2176 Iliacis
741 2139 907 2176 exercite
929 2139 1026 2184 fatis,

205 2205 368 2254 imperio
390 2204 492 2242 Iovis
512 2204 588 2241 huc
608 2204 735 2249 venio,
758 2205 822 2252 qui
844 2204 1028 2241 classibus
1051 2205 1180 2253 ignem

207 2269 365 2319 depulit,
387 2275 426 2308 et
447 2269 555 2306 caelo
574 2268 734 2306 tandem
755 2269 954 2306 miseratus
975 2270 1023 2307 ab
1043 2269 1119 2306 alto
1141 2276 1209 2307 est.

207 2335 385 2373 Consiliis
405 2347 510 2384 pare,
531 2347 631 2384 quae
652 2347 755 2372 nunc
776 2335 1034 2384 pulcherrima
1056 2336 1202 2372 Nautes

208 2399 274 2439 dat
293 2400 445 2446 senior3
476 2400 597 2437 lectos
617 2400 786 2445 iuvenes,
807 2399 1012 2437 fortissima
1031 2399 1162 2445 corda,

513 2485 554 2506 ⁶97
570 2489 711 2514 semusta.
735 2487 770 2515 R.
1117 2486 1158 2506 706
1174 2487 1239 2515 hac.
1264 2487 1298 2515 R.

1522 151 1601 191 149

1547 529 1602 555 700

1548 854 1602 881 705

1549 1178 1605 1206 710

1549 1504 1604 1532 715

1549 1829 1606 1856 720

1551 2149 1605 2176 725
