1690 2734
124 207 201 237 102
438 204 500 233 111.
535 191 574 231 T
570 192 622 231 lte
657 189 925 242 W'andering
953 189 1006 240 of
1020 187 1202 228 AEneas.

118 331 224 356 arma
244 317 389 367 procul,
413 316 570 365 paulum
591 320 752 363 aspectu
773 312 1001 350 conterritus
1024 310 1159 355 haesit,

119 384 386 431 continuitque
407 381 571 430 gradum
588 394 598 427 ;
628 392 719 416 mox
740 390 824 415 sese
845 377 895 414 ad
916 377 1026 413 litora
1046 386 1233 424 praeceps

119 462 208 486 curn
229 448 317 485 fletu
340 447 597 495 precibusque
620 444 704 480 tulit
721 458 727 480 :
761 446 770 462 ‘
786 444 858 480 Per
878 441 1004 479 sidera
1024 446 1153 485 testor,

118 527 186 563 per
207 524 366 562 superos
389 518 503 559 atque
526 511 601 546 hoc
622 509 718 546 caeli
740 508 915 556 spirabile
937 507 1080 551 lumen,

118 580 236 616 tollite
258 590 333 623 me,
355 576 496 613 Teucri
513 589 522 621 3
554 585 820 622 quascumque
842 571 1023 609 abducite
1046 577 1163 607 terras
1181 583 1189 616 ;

119 645 193 681 hoc
215 650 271 680 sat
292 643 372 679 erit.
430 641 518 678 Scio
540 652 602 676 me
626 639 770 676 Danais
792 650 812 674 e
835 636 1019 673 classibus
1041 648 1173 680 unum,

118 716 155 746 et
176 709 278 746 bello
300 708 439 744 Iliacos
461 706 582 742 fateor
602 704 758 753 petiisse
781 702 960 747 Penatis,

117 787 187 823 pro
209 786 298 822 quo,
322 773 351 809 si
372 771 525 808 sceleris
547 776 653 806 tanta
674 775 731 805 est
751 767 887 804 iniuria
907 766 1037 810 nostri,

118 839 282 887 spargite
304 850 365 874 me
388 837 426 873 in
448 836 597 879 fluctus,
619 840 806 881 vastoque
828 831 1028 879 inmergite
1050 837 1184 878 ponto.

119 905 155 942 Si
176 916 305 952 pereo,
329 902 531 939 hominum
552 899 728 936 manibus
750 898 906 947 periisse
929 896 1095 933 iuvabit.⁷

121 971 290 1014 Dixerat,
313 974 349 1004 et
370 979 496 1016 genua
516 965 717 1013 amplexus
739 963 979 1011 genibusque
1001 961 1175 997 volutans

120 1034 313 1071 haerebat.
372 1032 449 1080 Qui
470 1032 528 1076 sit,
551 1030 631 1074 fari,
654 1041 732 1077 quo
754 1028 939 1075 sanguine
962 1032 1099 1070 cretus,

119 1100 340 1145 hortamur3
370 1109 469 1146 quae
492 1095 635 1133 deinde
660 1094 779 1142 agitet
800 1093 961 1136 fortuna,
984 1090 1103 1127 fateri.

120 1166 209 1213 Ipse
231 1170 341 1212 pater
362 1163 535 1199 dextram
557 1159 759 1204 Anchises,
783 1157 887 1194 haud
908 1156 1027 1193 multa
1048 1161 1228 1200 moratus,

118 1230 184 1267 dat
206 1229 344 1274 iuveni,
368 1234 483 1276 atque
506 1226 678 1263 animum
701 1222 893 1272 praesenti
916 1222 1077 1270 pignore
1099 1219 1233 1255 firmat.

119 1295 187 1331 Ille
210 1295 318 1339 haec,
341 1292 520 1341 deposita
540 1289 701 1327 tandem
724 1286 942 1331 formidine,
965 1286 1084 1322 satur:

173 1362 181 1377 ‘
199 1360 291 1396 Sum
311 1358 433 1406 patria
454 1369 501 1393 ex
522 1356 669 1400 Ithaca,
694 1365 828 1390 comes
853 1351 1013 1388 infelicis
1035 1349 1150 1394 Ulixi,

118 1425 275 1462 nomine
299 1421 621 1466 Achaemenides,
644 1419 800 1456 Troiam
822 1417 996 1465 genitore
1020 1414 1232 1452 Adamasto

118 1501 289 1538 paupere
303 1487 644 1534 ——mansissetque
667 1484 813 1521 utinam
835 1481 986 1518 fortuna
1005 1482 1011 1516 l
1030 1502 1081 1506 —
1096 1479 1303 1528 profectus.

120 1556 201 1591 Hic
222 1566 296 1598 me,
319 1553 413 1590 dum
434 1550 573 1600 trepidi
596 1549 767 1587 crudelia
786 1547 918 1583 limina
940 1546 1129 1593 linquunt,

118 1620 352 1656 inmemores
373 1618 467 1655 socii
488 1623 594 1653 vasto
616 1616 798 1664 Cyclopis
822 1615 858 1651 in
884 1622 995 1652 antro

119 1685 335 1721 deseruere.
396 1684 546 1720 Domus
567 1683 672 1719 sanie
697 1681 940 1730 dapibusque
963 1680 1142 1725 cruentis,

119 1750 218 1786 intus
240 1761 374 1797 opaca,
398 1749 558 1796 ingens,
589 1748 670 1796 ipse
694 1748 845 1789 arduus,
870 1748 1020 1796 altaque
1042 1747 1168 1796 pulsat

119 1814 308 1851 sidera—
322 1814 383 1859 Di,
406 1814 522 1849 talem
543 1814 652 1849 terris
673 1814 830 1850 avertite
856 1819 1006 1861 pestem
1027 1815 1101 1849 1—

118 1892 192 1916 nec
213 1880 293 1916 visu
315 1879 434 1915 facilis
455 1891 528 1915 nec
551 1878 657 1915 dictu
679 1878 853 1915 adfabilis
875 1879 950 1915 ulli.
1017 1919 1029 1923 ⁶

118 1945 340 1981 Visceribus
362 1945 588 1980 miserorum
611 1951 648 1980 et
669 1945 854 1992 sanguine
879 1944 1043 1980 vescitur
1063 1950 1155 1980 atro.

119 2010 209 2047 Vidi
231 2015 397 2057 egomet,
420 2008 498 2045 duo
520 2008 569 2045 de
593 2021 755 2045 numero
779 2022 867 2045 cum
890 2021 1053 2057 corpora
1075 2014 1205 2044 nostro

119 2087 258 2124 prensa
280 2087 395 2111 manu
416 2087 568 2123 magna,
593 2074 723 2111 medio
746 2074 946 2122 resupinus
968 2074 1005 2109 in
1028 2080 1149 2116 antro,

120 2141 309 2188 frangeret
329 2139 379 2176 ad
400 2152 546 2185 saxum,
571 2139 755 2187 sanieque
778 2150 932 2186 aspersa
952 2144 1125 2174 natarent

119 2205 251 2241 limina
267 2204 383 2250 3'vidi
405 2212 486 2260 a-tro
509 2217 599 2241 cum
620 2204 794 2240 membra
817 2203 971 2239 fluentia
992 2203 1082 2239 tabo

120 2269 333 2315 manderet,
357 2277 394 2306 et
415 2269 535 2317 tepidi
557 2275 766 2306 tremerent
788 2269 859 2305 sub
881 2268 1059 2304 dentibus
1081 2274 1193 2303 artus.

123 2335 243 2371 Haud
265 2335 422 2382 impune
444 2334 604 2382 quidem
622 2348 630 2379 3
662 2346 735 2369 nec
757 2333 846 2369 talia
866 2345 999 2381 passus
1020 2332 1165 2376 Ulixes,

121 2399 308 2437 oblitusve
327 2400 382 2436 sui
404 2406 460 2435 est
482 2399 638 2435 Ithacus
660 2398 881 2434 discrimine
903 2404 1022 2434 tanto.

122 2466 225 2503 Nam
246 2465 357 2502 simul
379 2464 553 2512 expletus
575 2463 739 2511 dapibus
761 2463 928 2510 vinoque
950 2462 1121 2510 sepultus

1356 192 1518 232 [AENEID.

1458 501 1517 529 600

1466 1151 1522 1179 610

1466 1475 1521 1512 615

1468 2133 1523 2170 625
1555 2172 1557 2176 ι

1469 2458 1525 2497 630

275 2549 318 2571 611
335 2550 483 2586 Rejected
499 2550 538 2586 by
555 2549 591 2577 R.
719 2547 761 2568 625
777 2552 928 2584 exi-persa.
953 2547 1033 2576 Con.
1170 2544 1212 2566 ⁶29
1226 2545 1310 2573 suist.
1334 2545 1370 2573 R.
