1690 2734
34 140 194 185 VI.901.]
331 135 483 177 Slzade
514 136 567 189 of
591 135 660 175 tlte
694 135 844 188 Yomeg
873 134 1121 175 Marcellus.

33 262 112 299 visa
131 267 283 310 potens,
305 259 451 309 Superi,
474 259 629 308 propria
649 258 746 295 haec
767 258 798 295 si
818 258 925 295 dona
945 258 1115 295 fuissent.

34 327 209 375 Quantos
231 326 291 362 ille
312 326 432 362 virum
455 337 634 373 magnam
657 324 841 360 Mavortis
861 323 912 360 ad
933 324 1067 360 urbem

34 403 193 440 campus
214 396 301 439 aget
321 390 497 439 gemitus,
520 389 578 425 vel
599 401 710 437 quae,
732 389 926 434 Tiberine,
947 388 1096 425 videbis

32 457 175 501 funera,
199 468 288 492 cum
309 455 498 491 tumulum
520 454 799 502 praeterlabere
820 460 1017 491 recentem
1039 458 1045 492 !

33 521 118 558 Nec
139 533 234 569 puer
255 520 373 557 Iliaca
393 520 596 568 quisquam
619 518 668 555 de
688 526 803 567 gente
827 520 984 557 Latinos

32 586 71 623 in
91 593 239 622 tantum
261 597 328 634 spe
351 585 457 621 tollet
478 596 581 630 avos,
604 596 678 620 nec
699 585 868 621 Romula
888 586 1087 634 quondam

32 651 109 688 ullo
131 662 170 687 se
192 657 341 687 tantum
362 649 472 686 tellus
496 649 652 686 iactabit
672 650 840 687 alumno.

34 717 125 753 Heu
146 716 281 764 pietas,
303 714 377 751 heu
398 715 523 763 prisca
543 715 651 761 fides,
675 717 892 766 invictaque
914 719 1015 756 bello

33 780 193 818 dextera
211 783 217 817 1
277 780 369 817 Non
390 780 440 816 illi
461 792 501 816 se
523 781 727 830 quisquam
748 784 907 832 impune
929 785 1075 822 tulisset

32 849 166 885 obvius
187 854 346 894 armato,
369 861 435 885 seu
458 861 547 885 cum
570 848 693 897 pedes
715 850 784 886 iret
805 850 842 886 in
865 850 1032 896 hostem,

32 925 99 950 seu
120 913 332 962 spumantis
354 913 443 961 equi
464 913 613 950 foderet
633 914 843 952 calcaribus
863 928 1003 953 armos.

34 979 138 1024 Heu,
161 978 377 1015 miserande
399 990 506 1027 puer,
528 979 557 1015 si
584 992 660 1028 qua
681 980 756 1016 fata
777 992 912 1028 aspera
932 992 1100 1028 rumpas,

32 1053 71 1082 tu
95 1045 304 1083 Marcellus
328 1046 413 1082 eris.
473 1041 653 1081 Manibus
675 1045 763 1081 date
785 1046 859 1082 lilia
880 1046 1013 1093 plenis,

34 1122 246 1159 purpureos
268 1122 442 1159 spargam
466 1110 589 1156 flores,
613 1112 859 1158 animamque
881 1111 1033 1158 nepotis

35 1176 91 1213 his
112 1176 245 1212 saltem
267 1175 515 1212 adcumulem
541 1176 665 1219 (lonis,
688 1183 725 1212 et
746 1176 879 1223 fungar
900 1175 1002 1211 inani

35 1244 219 1280 munere.'
237 1266 288 1269 —
302 1243 362 1280 Sic
385 1248 464 1278 tota
486 1242 627 1290 passim
649 1241 804 1289 regione
826 1247 1011 1288 vagantur

35 1303 129 1345 aeris
152 1310 187 1345 in
209 1309 354 1357 campis
377 1308 470 1353 latis,
495 1314 609 1354 atque
632 1306 762 1343 omnia
783 1306 952 1342 lustrant.

36 1375 146 1422 Quae
168 1381 373 1423 postquam
396 1372 585 1409 Anchises
608 1378 739 1408 natum
762 1383 829 1418 per
849 1371 996 1418 singula
1016 1371 1137 1415 duxit,

35 1439 284 1488 incenditque
306 1439 476 1475 animum
499 1438 623 1474 famae
645 1436 832 1472 venientis
853 1448 995 1481 amore,

36 1506 122 1542 exin
143 1505 242 1542 bella
261 1505 340 1541 viro
363 1510 552 1541 memorat
573 1514 671 1550 quae
692 1501 835 1538 deinde
857 1501 1038 1549 gerenda,

38 1570 314 1618 Laurentisque
337 1569 454 1606 docet
475 1568 638 1617 populos
660 1567 873 1614 urbemque
897 1567 1034 1611 Latini,

37 1641 74 1672 et
95 1647 171 1683 quo
193 1646 387 1683 quemque
409 1633 528 1670 modo
552 1633 749 1681 fugiatque
772 1632 943 1679 feratque
966 1631 1151 1668 laborem.

91 1700 184 1738 Sunt
204 1700 380 1748 geminae
401 1699 533 1736 Somni
557 1704 702 1747 portae,
726 1709 887 1744 quarum
908 1697 1025 1732 altera
1045 1697 1161 1732 fertur

38 1777 190 1810 cornea,
213 1776 289 1812 qua
307 1764 403 1801 veris
425 1763 545 1800 facilis
567 1763 678 1799 datur
698 1762 820 1798 exitus
841 1761 984 1797 umbris
1002 1774 1011 1807 ;

39 1829 155 1865 altera
176 1828 356 1865 candenti
378 1829 548 1876 perfecta
568 1829 693 1864 nitens
715 1826 936 1874 elephanto,

39 1893 107 1930 sed
129 1894 220 1930 falsa
240 1893 289 1930 ad
311 1894 459 1930 caelum
483 1894 636 1930 mittunt
659 1892 849 1929 insomnia
871 1891 1020 1927 Manes.

40 1959 113 1995 His
134 1959 198 1995 ubi
220 1965 301 1995 tum
322 1965 455 1995 natum
478 1958 666 1995 Anchises
688 1970 840 2005 unaque
863 1956 1043 2004 Sibyllam

40 2023 281 2071 prosequitur
302 2023 426 2068 dictis,
447 2030 634 2071 portaque
657 2023 794 2059 emittit
817 2022 974 2067 eburna,

40 2088 99 2124 ille
120 2076 219 2124 uiam
241 2095 347 2124 secat
367 2087 416 2124 ad
437 2100 552 2124 naves
574 2088 779 2135 sociosque
801 2087 950 2124 revisit:

40 2159 120 2188 tum
142 2165 182 2188 se
204 2152 253 2189 ad
274 2153 431 2190 Caietae
452 2159 558 2189 recto
580 2153 650 2189 fert
669 2152 777 2189 litore
799 2159 964 2200 portum.

46 2215 221 2266 [Ancora
240 2217 290 2254 de
311 2230 422 2266 prora
444 2217 588 2263 iacitur,
610 2223 711 2254 stant
731 2217 839 2254 litore
860 2216 1047 2267 puppes]

358 2303 398 2324 890
415 2304 507 2332 exim.
531 2303 566 2331 R.
886 2303 929 2323 90⁰
946 2303 1053 2332 limile.
1076 2303 1118 2333 H.

1351 136 1421 174 181

1380 849 1434 875 880

1380 1174 1434 1209 885

1381 1500 1436 1535 890
