1690 2734
103 171 182 200 Eoi..
208 168 289 209 111.]
679 162 914 202 Paloemon.
1470 174 1499 214 9

99 286 272 323 sensibus
293 285 389 322 haec
411 286 508 331 imis,
529 297 588 322 res
610 292 666 321 est
686 297 764 322 non
787 297 912 332 parva,
934 295 1110 332 reponas.

98 350 141 386 P.
184 350 323 396 Dicite,
345 349 666 398 quandoquidem
687 349 725 386 in
746 349 849 386 molli
871 348 1119 385 consedimus
1141 348 1282 385 herba:
1462 355 1496 383 55

99 421 136 451 et
157 427 259 451 nunc
281 415 405 451 omnis
426 427 527 463 ager,
550 427 653 462 nunc
673 414 799 451 omnis
821 413 978 462 parturit
998 413 1122 459 arbos,

99 492 202 516 nunc
222 479 401 516 frondent
422 480 549 525 silvae,
572 491 675 516 nunc
697 478 994 516 formosissimus
1015 490 1149 515 annus.

153 545 300 592 Incipe,
325 545 544 589 Damoeta3
575 550 614 580 tu
637 543 780 580 deinde
802 554 963 591 sequere
986 543 1189 580 Menalca:

99 609 250 645 alternis
272 608 408 645 dicetis
425 622 434 655 ;
466 615 596 644 amant
617 609 762 644 alterna
783 608 992 645 Camenae.

100 674 152 710 D.
192 673 252 710 Ab
274 674 366 710 Iove
388 673 633 721 principium,
657 674 820 719 Musae3
854 673 955 710 Iovis
975 673 1107 710 omnia
1127 673 1240 721 plena
1258 687 1264 709 :
1459 687 1496 713 60

100 739 158 774 ille
181 739 271 775 colit
292 744 421 783 terras,
444 738 494 774 illi
516 750 603 774 mea
623 738 794 774 carmina
814 749 939 774 curae.

98 803 157 839 M.
201 803 249 839 Et
271 815 332 839 me
356 802 535 840 Phoebus
556 809 659 839 amat
676 816 684 849 3
718 802 877 840 Phoebo
898 815 966 839 sua
985 814 1139 850 semper
1159 801 1262 850 apud
1284 813 1345 838 me

99 879 258 904 munera
278 874 377 913 sunt,
399 868 491 904 lauri
512 874 550 904 et
570 879 684 904 suave
705 867 846 904 rubens
868 867 1108 916 hyacinthus.

99 933 153 969 D.
194 932 301 969 Malo
322 944 383 969 me
406 932 567 970 Galatea
586 933 693 980 petit,
715 933 855 969 lasciva
876 932 1013 981 puella,

99 1004 136 1034 et
157 997 251 1045 fugit
271 997 320 1034 ad
342 998 487 1043 salices,
510 1004 548 1034 et
569 1009 609 1034 se
630 998 737 1046 cupit
756 1003 844 1034 ante
865 997 997 1034 videri.
1461 1011 1496 1046 65

99 1062 159 1099 M.
199 1063 247 1099 At
269 1062 361 1099 mihi
382 1074 465 1099 sese
487 1062 597 1099 offert
619 1062 727 1107 ultro,
750 1074 858 1099 meus
880 1063 988 1110 ignis,
1010 1064 1207 1110 Amyntas,

100 1127 227 1164 notior
246 1134 287 1163 ut
307 1128 382 1164 iam
403 1128 451 1164 sit
470 1128 630 1164 canibus
651 1139 730 1164 non
752 1127 864 1163 Del-ia
883 1127 1032 1163 nostris.

101 1191 156 1228 D.
198 1193 308 1228 Parta
328 1204 437 1228 meae
458 1192 599 1228 Veneri
621 1198 709 1229 sunt
729 1203 888 1228 munera
905 1206 911 1228 :
943 1203 1111 1239 namque
1132 1191 1259 1228 notavi

101 1256 183 1304 ipse
203 1256 345 1302 locum,
366 1257 490 1294 aeriae
511 1269 590 1304 quo
611 1268 839 1304 congessere
860 1257 1073 1305 palumbes.

101 1321 162 1357 M.
203 1321 321 1368 Quod
342 1321 461 1369 potui,
483 1333 603 1370 puero
624 1321 782 1358 silvestri
804 1333 851 1357 ex
871 1321 1005 1358 arbore
1030 1322 1130 1358 lecta
1461 1344 1499 1371 70

102 1397 216 1422 aurea
235 1386 335 1422 mala
354 1385 494 1423 decem
516 1386 600 1423 misi
616 1400 625 1433 3
657 1398 739 1423 cras
760 1386 878 1422 altera
898 1386 1058 1423 mittam.

102 1451 156 1487 D.
197 1451 232 1488 O
253 1451 430 1499 quotiens
453 1457 490 1488 et
510 1463 609 1499 quae
631 1451 741 1488 nobis
763 1451 924 1488 Galatea
943 1451 1072 1488 locuta
1093 1457 1150 1488 est
1169 1453 1175 1488 ἔ

104 1516 253 1552 Partem
273 1516 452 1564 aliquam,
472 1516 588 1561 venti,
611 1515 742 1552 divom
762 1516 930 1552 referatis
952 1515 1001 1552 ad
1021 1516 1119 1552 auris
1139 1518 1145 1553 ἔ

102 1580 162 1617 M.
203 1580 308 1627 Quid
328 1580 498 1629 prodest,
521 1580 627 1629 quod
650 1593 710 1617 me
733 1581 815 1629 ipse
837 1581 967 1617 animo
987 1593 1066 1617 non
1087 1581 1245 1629 spernis,
1268 1582 1446 1630 Amynta,

103 1645 145 1691 si,
167 1645 260 1682 dum
281 1651 321 1682 tu
342 1646 496 1683 sectaris
517 1658 641 1694 apros,
664 1658 736 1694 ego
757 1646 852 1682 retia
871 1647 1009 1682 servo?
1463 1668 1498 1696 75

103 1710 157 1747 D.
199 1710 371 1758 Phyllida
391 1711 498 1747 mitte
520 1711 611 1747 mihi
630 1725 636 1747 ε
669 1723 777 1747 meus
798 1717 855 1747 est
875 1711 1019 1756 natalis,
1044 1711 1164 1758 Iolla3

105 1787 195 1811 cum
215 1775 352 1811 faciam
373 1775 488 1811 vitula
511 1787 578 1823 pro
599 1776 780 1823 frugibus,
803 1776 884 1824 ipse
905 1776 1045 1812 venito.

104 1839 164 1876 M.
206 1838 379 1887 Phyllida
398 1851 487 1875 amo
508 1846 596 1876 ante
617 1840 707 1877 alias
724 1854 733 1886 3
765 1853 855 1877 nam
876 1840 1161 1879 mediscedere
1183 1840 1296 1886 flevit,

105 1910 141 1940 et
162 1903 320 1951 longum
340 1904 535 1949 Formose,
558 1905 652 1950 vale,
674 1906 770 1950 vale,
792 1905 927 1953 inquit,
949 1905 1060 1942 Iolla.

106 1969 161 2005 D.
204 1968 326 2004 Triste
347 1968 459 2016 lupus
481 1969 648 2014 stabulis,
671 1970 827 2006 maturis
848 1970 1017 2018 frugibus
1038 1970 1189 2007 imbres.
1465 1986 1492 2012 εκ)

105 2033 301 2070 arboribus
321 2034 436 2079 venti,
458 2033 569 2071 nobis
591 2034 833 2082 Amaryllidis
854 2035 942 2072 irae.

105 2098 165 2134 M.
207 2098 333 2134 Dulce
354 2098 442 2134 satis
464 2110 585 2143 umor,
608 2098 778 2146 depulsis
799 2099 954 2136 arbutus
975 2099 1121 2146 haedis,

105 2162 208 2198 lenta
228 2162 319 2199 salix
339 2162 417 2199 feto
438 2163 582 2210 pecori,
604 2163 696 2199 mihi
716 2164 819 2200 solus
840 2165 1036 2213 Amyntas.

106 2226 160 2263 D.
202 2227 321 2263 Pollio
343 2233 443 2264 amat
464 2234 645 2273 nostram,
667 2228 840 2276 quamvis
863 2235 919 2265 est
938 2229 1090 2275 rustica,
1114 2217 1268 2267 Musam
1286 2245 1293 2267 :

108 2290 289 2337 Pierides,
310 2291 467 2328 vitulam
486 2291 619 2329 lectori
639 2293 785 2340 pascite
806 2299 945 2330 vestro.

107 2355 168 2393 M.
208 2355 328 2392 Pollio
349 2361 387 2392 et
406 2356 487 2404 ipse
509 2356 599 2393 facit
618 2369 719 2394 nova
739 2358 932 2395 carmina:
965 2359 1112 2407 pascite
1134 2365 1296 2406 taurum,

245 2489 275 2511 62
289 2493 371 2527 aput.
394 2491 430 2520 R.
563 2490 592 2511 ⁸2
609 2492 728 2521 humor.
752 2493 794 2522 H.
930 2493 958 2513 ⁸4
974 2493 1063 2521 Polio
1079 2493 1129 2529 (as
1143 2493 1284 2530 always).
1316 2494 1351 2522 R.
