1690 2734
105 191 183 230 104
415 190 478 218 111.
514 177 552 216 T
546 177 599 217 lle
634 177 902 231 PVandering
930 179 983 231 qf
996 178 1178 219 AEneaS.

98 304 176 340 iam
196 301 380 348 medium,
401 300 572 338 necdum
593 300 731 337 fluctus
751 301 870 337 latera
890 300 1010 338 ardua
1028 301 1151 339 tinxit.

101 369 183 405 Nos
204 367 339 416 procul
360 366 450 404 inde
470 366 599 414 fugam
619 365 760 414 trepidi
781 366 960 411 celerare,
981 373 1140 415 recepto

100 433 274 482 supplice
297 433 350 469 sic
373 431 522 477 merito,
546 430 731 479 tacitique
754 430 925 467 incidere
947 431 1077 467 funem
1095 444 1106 478 3

100 499 282 535 verrimus
304 504 342 533 et
362 496 472 545 proni
493 495 727 532 certantibus
748 507 917 543 aequora
937 496 1064 532 remis.

101 563 237 608 Sensit,
259 569 297 599 et
317 561 366 598 ad
387 561 554 598 sonitum
575 561 680 597 vocis
701 560 860 608 vestigia
879 561 987 597 torsit
1001 574 1012 607 3

101 641 233 665 verum
254 627 319 664 ubi
339 626 442 663 nulla
461 625 573 662 datur
593 625 728 662 dextra
748 625 942 662 adfectare
964 632 1147 674 potestas,

102 702 176 726 nec
196 688 298 737 potis
321 687 453 724 Ionios
476 687 611 723 fluctus
635 698 801 734 aequare
824 686 1039 734 sequendo,

103 755 312 791 clamorem
334 753 567 789 immensum
588 751 696 797 tollit,
720 763 797 799 quo
820 758 962 799 pontus
983 759 1020 789 et
1041 765 1177 790 omnes

104 827 373 856 contremuere
395 816 536 862 undae,
558 817 790 865 penitusque
813 818 991 854 exterrita
1010 818 1120 854 tellus

106 885 250 930 Italiae,
273 883 474 931 curvisque
496 882 686 930 immugiit
709 883 835 917 Aetna
856 883 1039 919 cavernis.

159 952 208 986 At
228 961 348 998 genus
370 960 390 984 e
412 948 510 984 silvis
532 947 749 995 Cyclopum
770 954 808 983 et
829 948 1022 984 montibus
1043 948 1125 985 altis

106 1015 275 1052 excitum
291 1014 364 1050 ruit
384 1012 433 1049 ad
456 1019 587 1060 portus
609 1018 647 1047 et
669 1012 777 1048 litora
799 1013 1010 1060 complent.

107 1080 311 1118 Cernimus
332 1078 518 1115 adstantis
540 1077 777 1125 nequiquam
800 1078 942 1113 lumine
964 1084 1072 1114 torvo

109 1147 304 1182 Aetnaeos
325 1144 469 1188 fratres,
493 1142 601 1178 caelo
623 1142 750 1190 capita
771 1143 844 1178 alta
866 1143 1031 1188 ferentis,

109 1210 317 1247 concilium
339 1206 575 1244 horrendum
594 1221 600 1243 ε
634 1207 765 1255 quales
787 1220 875 1243 cum
896 1207 1037 1244 vertice
1059 1208 1165 1245 celso

109 1276 232 1313 aeriae
254 1286 431 1322 quercus,
453 1279 517 1309 aut
539 1272 730 1308 coniferae
754 1272 934 1321 cyparissi

111 1341 377 1384 constiterunt,
399 1338 491 1374 silva
511 1338 586 1373 alta
608 1338 721 1381 Iovis,
745 1338 899 1373 lucusve
924 1338 1086 1374 Dianae.

114 1406 345 1454 Praecipites
368 1411 491 1440 metus
514 1415 602 1439 acer
622 1403 698 1451 agit
719 1415 967 1450 quocumque
988 1403 1159 1440 rudentis

113 1479 306 1517 excutere,
328 1476 365 1507 et
385 1469 507 1506 ventis
530 1468 731 1504 intendere
752 1468 836 1504 vela
857 1468 1049 1504 secundis.

114 1539 259 1576 Contra
279 1537 379 1572 iussa
399 1540 562 1571 monent
585 1533 727 1569 Heleni
750 1533 911 1581 Scyllam
935 1540 1048 1581 atque
1071 1534 1295 1582 Charybdin

114 1605 222 1648 inter,
245 1608 445 1648 utramque
467 1600 567 1635 viam
588 1598 652 1634 leti
674 1597 893 1634 discrimine
916 1610 1045 1646 parvo,

114 1670 152 1706 ni
173 1674 331 1705 teneant
353 1678 485 1703 cursus
503 1679 512 1712 3
543 1670 691 1701 certum
712 1670 770 1700 est
790 1663 881 1700 dare
903 1664 1020 1700 lintea
1039 1671 1152 1701 retro.

117 1737 222 1772 Ecce
244 1740 373 1770 autem
396 1733 538 1768 Boreas
558 1736 720 1778 angusta
742 1729 790 1765 ab
811 1728 903 1765 sede
926 1729 1050 1766 Pelori

116 1801 252 1838 missus
273 1798 395 1836 adest.
452 1797 550 1833 Vivo
572 1794 843 1844 praetervehor
863 1794 960 1831 ostia
980 1807 1072 1831 saxo

118 1866 323 1914 Pantagiae
346 1865 605 1912 Megarosque
627 1862 731 1898 sinus
751 1860 1028 1909 Thapsumque
1050 1860 1253 1898 iacentem.

116 1932 224 1968 Talia
245 1929 483 1967 monstrabat
503 1928 675 1975 relegens
699 1932 820 1962 errata
841 1932 1023 1962 retrorsus

116 1997 227 2034 litora
247 1993 571 2039 Achaemenides,
594 2004 726 2030 comes
748 1991 909 2028 infelicis
930 1990 1044 2028 Ulixi.

173 2061 325 2098 Sicanio
346 2066 547 2109 praetenta
567 2059 651 2095 sinu
672 2057 773 2094 iacet
795 2056 918 2093 insula
938 2062 1074 2092 contra

121 2126 352 2174 Plemyrium
373 2113 568 2162 undosum
587 2138 594 2170 ;
625 2135 769 2160 nornen
791 2122 921 2160 dixere
944 2122 1086 2170 priores

122 2191 333 2240 Ortygiam.
392 2190 585 2238 Alpheum
605 2189 707 2225 fama
727 2195 782 2224 est
806 2188 881 2224 huc
904 2186 1025 2223 Elidis
1046 2197 1201 2222 amnem

122 2256 292 2294 occultas
314 2256 435 2303 egisse
456 2255 534 2291 vias
555 2254 685 2291 subter
704 2265 808 2289 mare
828 2267 835 2298 ;
867 2252 931 2300 qui
953 2264 1056 2288 nunc

123 2334 201 2367 ore,
224 2320 422 2365 Arethusa,
444 2327 510 2356 tuo
532 2319 666 2356 Siculis
689 2316 936 2354 confunditur
957 2316 1082 2353 undis.

126 2386 224 2424 Iussi
244 2385 403 2422 numina
425 2396 564 2431 magna
583 2383 658 2419 loci
680 2394 906 2419 veneramur
923 2395 930 2426 3
962 2388 999 2417 et
1021 2380 1111 2417 inde

1334 183 1495 226 [AENEm.

1447 627 1504 661 670

1452 947 1507 983 675

1455 1272 1513 1300 680

1459 1599 1515 1634 685

1464 1924 1520 1959 690

202 2492 243 2513 673
260 2493 455 2533 igztremuere.
480 2490 522 2518 H.
742 2488 782 2508 686
799 2488 908 2515 Before
924 2486 977 2515 685⁴
1000 2487 1035 2514 R.
1125 2484 1166 2506 693
1182 2485 1387 2513 Plemurizcm.
1411 2485 1446 2514 R.

202 2541 243 2563 654
259 2541 380 2578 Scylla,·
408 2538 584 2575 Charybdis.
607 2538 642 2566 R.
742 2536 784 2557 690
801 2540 981 2564 retrorsum.
1005 2535 1046 2563 H.
1124 2533 1165 2554 695
1179 2536 1292 2570 supter.
1316 2534 1350 2562 R.
