1690 2734
123 186 146 216 2
612 171 824 211 Pastm'al
849 172 1020 212 Paems.

121 310 192 335 nos
212 297 373 346 patriam
394 296 559 344 fugimus
575 308 585 342 ,·
615 301 668 340 tu,
689 295 829 342 Tityre,
851 294 975 331 lentus
996 295 1034 330 in
1054 294 1191 331 umbra

122 362 329 399 formosam
350 372 528 397 resonare
550 359 669 396 doces
690 358 923 407 Amaryllida
943 359 1064 395 silvas.

127 427 170 464 T.
210 426 245 464 O
268 425 475 470 Meliboee,
499 423 595 460 deus
615 423 727 460 nobis
748 423 846 459 haec
867 423 945 459 otia
964 424 1078 460 fecit:

123 503 291 539 namque
314 490 383 526 erit
404 490 462 526 ille
484 489 575 525 mihi
599 500 752 536 semper
772 487 867 524 deus
884 502 893 535 3
924 488 1145 525 illiusaram

123 568 238 604 saepe
259 562 368 592 tener
388 554 525 591 nostris
548 553 596 590 ab
616 553 777 590 ovilibus
798 553 943 590 imbuet
965 565 1095 601 agnus.

125 621 192 658 Ille
215 632 319 656 meas
341 631 462 655 errare
483 619 614 664 boves,
635 624 677 654 ut
698 618 833 664 cernis,
856 624 892 654 et
912 618 1037 666 ipsum

124 685 268 730 ludere,
292 696 390 732 quae
411 684 560 729 vellem,
584 683 732 719 calamo
754 683 926 731 permisit
945 683 1094 731 agresti.

123 751 183 787 M.
226 751 317 787 Non
339 748 522 797 equidem
544 748 699 785 invideo
715 762 725 795 3
756 748 871 784 miror
891 748 1010 796 magis
1028 762 1035 784 :
1066 747 1238 796 undique
1259 748 1347 785 totis

125 828 245 862 usque
268 815 367 851 adeo
388 814 560 851 turbatur
579 813 687 862 agris.
748 814 820 858 En,
842 813 922 861 ipse
945 813 1109 861 capellas

125 881 296 928 protinus
329 892 444 927 aeger
464 891 563 933 ago-3
595 878 694 930 lianc
716 878 831 914 etiam
851 878 925 923 vix,
946 878 1087 926 Tityre,
1111 877 1237 915 duco:

125 945 187 981 hic
208 945 306 981 inter
326 944 466 981 densas
487 934 777 992 corylossmodo
798 954 966 990 namque
986 943 1182 991 gemellos,

127 1022 236 1058 spem
256 1010 392 1058 gregis,
415 1009 475 1054 ab,
498 1009 602 1045 silice
624 1008 662 1044 in
683 1007 789 1044 nuda
810 1007 949 1059 con-iffa
967 1008 1129 1055 reliquit.

126 1075 248 1123 Saepe
271 1074 414 1110 malum
434 1074 510 1110 hoc
531 1074 654 1118 nobis,
677 1073 706 1109 si
728 1085 837 1109 mens
857 1060 936 1109 non
957 1073 1064 1109 laeva
1084 1073 1226 1118 suisset,

127 1140 175 1177 de
197 1140 306 1176 caelo
326 1146 446 1176 tactas
467 1139 625 1175 memini
646 1137 871 1187 praedicere
893 1150 1057 1186 quercus
1076 1152 1150 1174 2—-

131 1203 269 1255 [saepe
291 1204 440 1241 sinistra
459 1216 554 1240 cava
572 1203 763 1252 praedixit
784 1204 831 1240 ab
852 1203 937 1239 ilice
959 1201 1125 1253 cornix]

127 1269 204 1307 Sed
224 1276 367 1315 tamen,
389 1269 459 1306 iste
482 1268 578 1305 deus
599 1268 664 1316 qui
685 1269 743 1313 sit,
766 1268 827 1314 da,
848 1268 990 1316 Tityre,
1012 1268 1135 1304 nobis.

132 1335 174 1372 T.
217 1335 378 1379 Urbem,
403 1346 520 1382 quam
542 1333 676 1370 dicunt
697 1334 878 1379 Romam,
902 1333 1109 1379 Meliboee,
1132 1333 1262 1381 putavi

127 1401 262 1437 stultus
283 1412 356 1448 ego
377 1399 465 1436 huic
486 1405 637 1435 nostrae
660 1399 834 1443 similem,
856 1410 935 1446 quo
956 1410 1072 1446 saepe
1093 1398 1260 1434 solemus

127 1471 299 1513 pastores
321 1464 451 1501 ovium
471 1470 625 1500 teneros
646 1463 840 1511 depellere
862 1463 984 1499 fetus:

128 1530 182 1566 sic
203 1530 364 1566 canibus
385 1529 531 1566 catulos
553 1529 694 1574 similis,
717 1529 771 1565 sic
792 1528 975 1565 matribus
995 1526 1142 1564 haedos

128 1607 275 1640 noram,
297 1594 351 1631 sic
372 1594 496 1642 parvis
517 1605 754 1642 componere
776 1605 917 1641 magna
936 1593 1133 1629 solebam:

127 1672 260 1697 verum
282 1660 380 1699 haec
400 1665 549 1696 tantum
570 1659 660 1695 alias
681 1659 778 1696 inter
799 1664 915 1706 caput
936 1658 1067 1694 extulit
1087 1658 1212 1703 urbes,

130 1731 316 1773 quantum
336 1724 440 1760 lenta
460 1724 584 1760 solent
605 1724 701 1759 inter
716 1707 892 1759 viburna
900 1722 1082 1770 cupressi.

127 1790 189 1827 M.
231 1790 281 1826 Et
301 1801 399 1837 quae
420 1795 526 1825 tanta
546 1788 614 1825 fuit
636 1789 802 1824 Romam
823 1788 891 1824 tibi
913 1799 1028 1823 causa
1046 1786 1233 1824 videndi?

134 1857 175 1893 T.
217 1855 415 1901 Libertas·
447 1865 545 1902 quae
567 1866 663 1898 sera,
684 1859 815 1889 tamen
836 1852 1002 1900 respexit
1022 1852 1197 1897 inertem,

129 1920 332 1957 candidior
352 1926 559 1968 postquam
580 1918 757 1955 tondenti
777 1917 896 1954 barba
916 1916 1105 1963 cadebat,

128 1985 295 2033 respexit
316 1991 457 2030 tamen,
480 1991 517 2021 et
537 1984 652 2032 longo
673 1989 760 2031 post
780 1989 955 2030 tempore
976 1981 1091 2026 venit,

129 2056 336 2098 postquam
356 2062 428 2086 nos
448 2049 647 2098 Amaryllis
669 2048 797 2093 habet,
820 2047 981 2085 Galatea
1000 2046 1151 2094 reliquit
1168 2060 1174 2083 :

128 2126 309 2162 namque,
332 2115 480 2151 fatebor
501 2113 616 2160 enim,
640 2113 732 2150 dum
754 2125 816 2150 me
838 2112 999 2150 Galatea
1018 2111 1185 2158 tenebat,

128 2192 203 2217 nec
224 2191 311 2228 spes
332 2179 512 2216 libertatis
535 2185 625 2225 erat,
647 2190 719 2215 nec
742 2190 832 2215 cura
851 2178 1003 2226 peculi:

130 2245 302 2292 quamvis
325 2244 443 2281 multa
463 2245 557 2281 meis
579 2244 697 2280 exiret
717 2244 883 2315 νίοῖίιηᾳ
893 2243 1046 2308 saeptis,

130 2309 281 2358 pinguis
302 2315 339 2346 et
360 2310 528 2357 ingratae
551 2315 788 2357 premeretur
808 2320 942 2345 caseus
944 2299 1057 2353 urbi,

131 2385 210 2411 non
230 2386 415 2422 umquam
435 2373 557 2422 gravis
578 2385 664 2410 aere
686 2373 847 2410 domum
868 2373 961 2410 mihi
982 2372 1115 2409 dextra
1134 2371 1295 2409 redibat.

1368 177 1516 218 [BUCOL.

1487 690 1522 711 10

1489 1014 1522 1044 15

1488 1339 1525 1359 20

1489 1663 1523 1693 25

1487 1988 1525 2016 30

1488 2312 1523 2342 35

303 2469 527 2507 &fhrmonsam
560 2471 596 2500 R.
756 2469 783 2489 1⁵
799 2472 838 2497 a!
871 2470 905 2498 R.
1162 2467 1191 2487 23
1206 2468 1304 2496 aedos.
1337 2467 1373 2496 R.

285 2519 312 2539 14
328 2520 458 2548 corcclos.
494 2519 529 2547 R.
757 2518 784 2539 18
800 2519 940 2546 omitted.
973 2518 1008 2547 R.
1163 2516 1265 2554 29pos.
1298 2517 1334 2546 R.
