1690 2734
89 174 169 205 Εοι..
187 174 247 216 Χ.]
702 165 869 207 Gallus.

87 290 163 327 tela
182 290 279 326 inter
299 289 428 326 media
447 296 561 337 atque
583 288 763 326 adversos
785 288 933 325 detinet
954 288 1084 325 hostes
1101 303 1108 326 :

87 361 128 392 tu
148 354 283 403 procul
303 366 325 390 a
345 354 466 402 patria
493 354 585 403 (nec
608 353 653 390 sit
675 353 767 389 mihi
788 353 946 390 credere
968 360 1115 390 tantum
1137 353 1163 402 !)

87 419 257 468 Alpinas,
280 418 327 455 ah
349 418 455 464 dura,
477 418 583 455 nives
604 425 641 454 et
662 418 799 466 frigora
822 418 949 454 Rheni

88 496 151 521 me
172 484 252 521 sine
274 483 354 520 sola
373 483 480 520 vides
498 497 504 520 :
538 483 598 528 ah,
621 489 656 519 te
678 495 727 519 ne
749 483 887 531 frigora
908 482 1063 520 laedant
1082 485 1088 520 1

79 549 160 595 Ah,
181 550 249 586 tibi
269 561 317 585 ne
339 555 487 585 teneras
509 548 649 596 glacies
672 555 777 584 secet
799 560 932 596 aspera
954 549 1102 597 plantas
1122 551 1128 585 1

144 614 250 659 ‘Ibo‚
273 613 572 659 et,·Chalcidico
594 625 691 661 quae
714 620 801 650 sunt
824 613 916 649 mihi
938 613 1097 650 condita
1117 626 1227 651 versu

88 679 270 724 carmina,
292 679 453 727 pastoris
475 678 590 715 Siculi
611 677 840 715 modulabor
861 691 994 716 avena.

89 746 247 781 Certum
269 750 325 780 est
346 744 384 780 in
405 743 516 788 silvis,
539 743 636 780 inter
656 743 810 791 spelaea
832 743 995 780 ferarum

90 809 200 846 malle
222 810 312 857 pati,
334 809 553 856 tenerisque
575 820 682 845 meos
705 808 876 845 incidere
898 820 1048 845 amores

91 874 287 911 arboribus
304 888 313 920 3
345 880 521 910 crescent
542 873 637 918 illae,
661 874 853 918 crescens,
876 885 1039 910 amores.

145 942 152 957 ⁴
169 940 322 976 Interea
344 939 469 975 mixtis
490 938 658 975 lustrabo
683 939 863 975 Maenala
883 938 1074 987 nymphis,

90 1011 154 1041 aut
174 1005 269 1041 acris
289 1004 459 1040 venabor
479 1016 591 1052 apros
609 1018 615 1040 :
648 1015 727 1040 non
748 1015 809 1040 me
836 1004 910 1040 ulla
930 1003 1115 1041 vetabunt

90 1069 228 1117 frigora
250 1069 473 1105 Parthenios
496 1068 654 1105 canibus
677 1068 914 1105 circumdare
936 1069 1062 1105 saltus.

92 1135 176 1171 Iam
197 1134 288 1170 mihi
309 1145 377 1182 per
396 1146 510 1182 rupes
530 1133 664 1169 videor
684 1133 868 1181 lucosque
890 1134 1059 1170 sonantis

91 1199 143 1236 ire
161 1213 170 1245 3
200 1199 291 1235 libet
314 1198 453 1235 Partho
474 1204 652 1246 torquere
675 1197 854 1246 Cydonia
875 1210 995 1235 cornu

91 1264 238 1312 spicula
255 1277 262 1300 z
277 1270 539 1311 —tamquam
560 1263 656 1299 haec
678 1263 724 1299 sit
745 1263 863 1300 nostri
885 1262 1080 1300 medicina
1100 1263 1245 1310 furoris,

92 1335 154 1365 aut
176 1328 271 1365 deus
292 1328 352 1365 ille
373 1328 480 1364 malis
503 1328 703 1365 hominum
724 1328 925 1365 mitescere
947 1328 1069 1365 discat
1089 1331 1095 1365 1

147 1396 155 1412 ‘
172 1395 255 1430 Iam
276 1405 402 1441 neque
425 1392 704 1441 hamadryades
724 1406 849 1430 rursus
870 1405 944 1430 nec
965 1393 1134 1430 carmina
1153 1394 1264 1431 nobis

91 1459 172 1507 ipsa
193 1458 348 1506 placent
363 1472 372 1504 3
404 1458 509 1506 ipsae
530 1470 655 1495 rursus
674 1458 879 1495 concedite
902 1458 1028 1495 silvae.

93 1524 183 1560 Non
205 1523 308 1559 illum
329 1523 447 1559 nostri
468 1530 630 1572 possunt
653 1530 797 1559 mutare
820 1524 981 1569 labores,

91 1600 164 1624 1166
185 1588 215 1624 51
236 1588 436 1636 frigoribus
456 1587 593 1624 mediis
618 1589 872 1636 Hebrumque
893 1588 1082 1634 bibamus,

92 1653 361 1700 Sithoniasque
382 1653 488 1689 nives
511 1653 645 1689 hiemis
668 1653 873 1690 subeamus
895 1665 1075 1701 aquosae,

54 1762 58 1775 Ι
92 1730 165 1753 1166
186 1718 227 1763 51,
250 1729 340 1754 611111
360 1718 526 1754 1110116115
549 1718 622 1753 alta
643 1718 737 1755 liber
757 1725 837 1754 aret
858 1718 895 1753 in
916 1718 1032 1763 ulmo,

92 1782 326 1830 Aethiopum
347 1794 542 1819 versemus
563 1783 643 1819 ovis
665 1783 735 1819 sub
756 1782 881 1819 sidere
904 1783 1056 1820 Cancri.

93 1847 236 1884 Omnia
254 1847 372 1883 vincit
393 1849 536 1893 Amor,
569 1854 605 1883 et
626 1860 696 1883 nos
718 1847 901 1884 cedamus
923 1848 1080 1884 Amori.'

148 1912 262 1948 Haec
282 1917 339 1948 sat
360 1912 440 1957 erit,
463 1911 586 1958 divae,
608 1918 775 1948 vestrum
797 1912 983 1948 cecinisse
1005 1913 1176 1960 poetam,

92 1976 185 2013 dum
206 1976 315 2013 sedet
337 1984 372 2012 et
395 1977 524 2024 gracili
545 1977 728 2013 fiscellam
749 1977 841 2013 texit
863 1977 1022 2022 hibisco,

93 2041 286 2087 Pierides,
316 2053 383 2078 vos
406 2041 501 2077 haec
522 2042 668 2078 facietis
689 2042 856 2078 maxima
878 2042 988 2079 Gallo
1004 2064 1056 2068 —

91 2105 214 2151 Gallo,
237 2106 343 2142 cuius
365 2118 472 2142 amor
492 2112 639 2142 tantum
662 2107 754 2143 mihi
777 2107 913 2143 crescit
934 2107 971 2143 in
993 2107 1116 2152 horas,

90 2176 276 2218 quantum
297 2182 385 2207 vere
406 2183 507 2207 novo
529 2171 656 2207 viridis
677 2184 716 2208 se
739 2172 876 2208 subicit
898 2172 1016 2208 alnus.

91 2235 293 2283 Surgamus
311 2250 318 2272 ε
351 2236 447 2272 solet
468 2248 550 2272 esse
571 2237 693 2284 gravis
714 2237 956 2273 cantantibus
977 2238 1112 2274 umbra
1128 2251 1137 2283 3

90 2299 250 2347 iuniperi
271 2300 393 2348 gravis
414 2301 574 2347 umbra,
606 2308 750 2337 nocent
771 2309 807 2337 et
829 2301 997 2350 frugibus
1018 2303 1189 2339 umbrae.

92 2364 149 2400 Ite
171 2363 331 2401 domum
352 2372 512 2410 saturae,
534 2366 638 2402 venit
661 2367 873 2414 Hesperus,
896 2367 945 2402 ite
968 2366 1138 2414 capellae
1159 2369 1165 2404 !

166 2447 195 2468 52
209 2450 317 2486 spelea.
340 2450 376 2479 R.
465 2450 493 2470 ⁶2
508 2451 720 2486 amadryades.
745 2451 779 2481 R.
868 2451 895 2471 θ’]
912 2451 940 2471 63
956 2461 1071 2480 rusum.
1096 2452 1148 2485 R.;
1172 2461 1307 2480 rursum.
1333 2453 1372 2481 11.

165 2497 195 2518 ⁵⁶
208 2508 303 2527 acres.
327 2499 369 2529 H.
867 2500 895 2520 74
909 2500 1039 2537 suly'icit.
1065 2501 1105 2529 H.

1432 178 1486 218 29

1450 296 1487 324 45

1452 621 1490 649 50

1453 962 1488 990 55

1454 1279 1492 1306 60

1455 1921 1491 1948 70

1454 2245 1489 2272 75
