1690 2734
106 185 273 228 V1.152.]
563 178 604 219 T
598 178 651 218 lte
685 175 851 217 Golden
882 176 1050 230 Bozcglt.

104 304 135 340 si
157 303 283 352 potuit
305 304 441 340 Manes
462 314 656 340 arcessere
678 301 853 349 coniugis
875 300 1065 349 Orpheus,

103 368 284 405 Threicia
305 368 420 404 fretus
442 368 587 404 cithara
606 366 826 414 fidibusque
850 366 1012 410 canoris,

105 434 135 471 si
156 434 307 469 fratrem
332 433 466 469 Pollux
486 433 631 469 alterna
651 438 774 468 morte
796 430 972 476 redemit,

105 499 209 547 itque
230 497 407 546 reditque
430 497 529 533 viam
552 497 703 533 totiens.
765 495 872 543 Quid
892 496 1057 542 Thesea,
1080 509 1262 545 magnum

104 563 198 612 quid
221 574 435 599 memorem
458 560 651 598 Alciden?
710 561 758 597 Et
779 561 831 596 mi
850 572 971 609 genus
992 561 1037 598 ab
1058 562 1151 606 Iove
1173 563 1350 598 summo.'

156 629 314 665 Talibus
337 627 470 664 orabat
491 626 616 671 dictis,
643 637 802 673 arasque
825 626 994 671 tenebat,

104 707 195 730 cum
216 694 270 729 sic
290 705 376 729 orsa
396 692 502 740 loqui
525 697 629 727 vates
648 705 654 726 ;
688 690 799 727 ‘Sate
821 691 1007 738 sanguine
1029 690 1173 736 divom,

104 759 200 795 'l‘ros
223 756 469 803 Anchisiade,
494 756 614 792 facilis
637 755 850 792 descensus
872 757 1025 792 Averno
1045 770 1051 799 ;

106 831 239 860 noctes
261 830 375 871 atque
399 822 482 859 dies
503 827 610 870 patet
631 821 708 869 atri
722 821 836 857 ianua
860 822 958 858 Ditis
976 836 984 867 3

105 889 173 926 sed
195 901 373 925 revocare
396 887 558 936 gradum
583 898 820 934 superasque
842 886 1005 923 evadere
1027 887 1077 924 ad
1097 900 1219 932 auras,

105 955 179 991 hoc
201 966 311 1002 opus,
333 953 396 990 hic
419 954 526 990 labor
547 960 615 991 est.
653 954 782 1000 Pauci,
804 966 901 1002 quos
922 967 1068 1002 aequus
1090 955 1230 991 amavit

107 1020 290 1068 Iuppiter,
313 1025 377 1055 aut
397 1018 536 1055 ardens
561 1019 687 1055 evexit
709 1018 758 1055 ad
779 1019 934 1056 aethera
954 1020 1081 1065 virtus,

106 1085 164 1122 dis
184 1084 303 1133 geniti
323 1091 496 1132 potuere.
557 1085 712 1121 Tenent
733 1084 863 1121 media
883 1085 1013 1121 omnia
1034 1085 1161 1131 silvae,

107 1151 355 1198 Cocytusque
380 1150 464 1186 sinu
485 1150 617 1186 labens
641 1150 892 1186 circumvenit
914 1157 1006 1187 atro.

107 1214 226 1262 Quod
247 1215 277 1251 si
298 1221 424 1251 tantus
450 1227 559 1251 amor
579 1215 711 1259 menti,
734 1215 763 1251 si
785 1221 890 1251 tanta
911 1214 1055 1263 cupido
1077 1222 1145 1261 est,

107 1281 162 1317 bis
184 1280 332 1328 Stygios
352 1280 483 1316 innare
507 1280 623 1324 lacus,
648 1280 705 1317 bis
726 1280 833 1328 nigra
853 1280 983 1317 videre

105 1346 274 1391 Tartara,
297 1351 335 1381 et
355 1345 490 1382 insano
512 1345 614 1381 iuvat
634 1344 833 1394 indulgere
855 1346 987 1392 labori,

106 1411 254 1458 accipe,
278 1422 376 1458 quae
399 1410 621 1458 peragenda
642 1410 758 1459 prius.
818 1411 927 1448 Latet
948 1412 1082 1449 arbore
1103 1424 1229 1460 opaca

106 1488 241 1512 aureus
264 1482 302 1513 et
323 1476 420 1513 foliis
441 1482 479 1512 et
500 1476 604 1512 lento
627 1476 768 1513 vimine
789 1489 930 1522 ramus,

108 1541 247 1577 Iunoni
270 1540 440 1577 infernae
462 1540 588 1578 dictus
609 1553 718 1578 sacer
733 1555 742 1587 3
774 1541 877 1578 hunc
898 1542 992 1590 tegit
1012 1543 1137 1580 omnis

106 1606 226 1650 lucus,
251 1612 288 1642 et
308 1606 481 1643 obscuris
503 1606 689 1643 claudunt
711 1607 949 1644 convallibus
970 1608 1141 1644 umbrae.

107 1670 183 1707 Sed
206 1683 285 1707 non
306 1678 393 1708 ante
416 1671 528 1708 datur
547 1671 688 1708 telluris
712 1679 847 1720 operta
867 1673 1006 1718 subire,

108 1736 325 1772 auricomos
348 1748 465 1784 quam
488 1737 572 1784 quis
594 1736 831 1785 decerpserit
852 1737 986 1774 arbore
1008 1738 1119 1789 fetus.

111 1801 201 1837 Hoc
223 1801 293 1837 sibi
316 1801 475 1849 pulchra
496 1814 606 1838 suum
629 1802 714 1838 ferri
739 1803 966 1850 Proserpina
986 1815 1125 1840 munus

109 1866 280 1902 instituit.
343 1866 469 1902 Primo
493 1867 624 1903 avulso
647 1879 726 1903 non
749 1866 882 1904 deficit
902 1868 996 1904 alter

107 1943 254 1976 aureus,
277 1938 315 1967 et
338 1931 448 1967 simili
471 1931 685 1969 frondescit
705 1933 809 1981 virga
829 1933 997 1970 metallo.

109 1996 211 2043 Ergo
232 1996 305 2032 alte
328 1996 473 2044 vestiga
496 1997 630 2042 oculis,
653 2003 690 2034 et
712 1997 780 2034 rite
802 2004 997 2046 repertum

107 2072 222 2108 carpe
244 2073 359 2097 manu
378 2075 387 2107 3
420 2074 589 2109 namque
614 2062 696 2110 ipse
717 2063 846 2100 volens
867 2063 1067 2112 facilisque
1088 2070 1280 2113 sequetur,

109 2126 140 2162 si
161 2132 197 2161 te
219 2126 295 2162 fata
315 2134 456 2163 vocant
475 2141 483 2173 ;
518 2128 626 2164 aliter
647 2141 726 2165 non
746 2129 887 2166 viribus
909 2129 992 2166 ullis

108 2191 274 2237 vincere,
295 2203 369 2227 nec
393 2192 490 2230 duro
512 2194 655 2242 poteris
673 2194 889 2230 convellere
912 2195 1021 2232 ferro.

113 2257 309 2293 Praeterea
331 2258 431 2295 iacet
453 2259 675 2295 exanimum
696 2259 764 2296 tibi
785 2271 924 2308 corpus
945 2260 1125 2296 amici—-

110 2320 184 2357 heu
206 2322 330 2359 nescis
348 2329 613 2371 —totamque
636 2324 799 2360 incestat
820 2325 952 2361 sunere
974 2325 1148 2371 classem,

110 2384 203 2421 dum
229 2387 403 2423 consulta
423 2389 521 2435 petis
542 2394 752 2436 nostroque
774 2389 810 2425 in
832 2389 961 2426 limine
983 2389 1143 2438 pendes.

111 2449 272 2487 Sedibus
297 2451 400 2487 huuc
421 2452 519 2488 refer
541 2459 630 2489 ante
652 2453 728 2490 suis
749 2460 787 2490 et
809 2454 937 2490 conde
959 2454 1176 2502 sepulchro.

305 2535 348 2555 1²⁶
364 2536 568 2566 Anchisiada.
592 2539 632 2567 H.
771 2538 814 2558 133
829 2539 957 2567 without
972 2542 1023 2568 est.
1047 2540 1081 2568 R.
1220 2539 1260 2559 141
1277 2540 1338 2577 qai.
1361 2540 1397 2568 R.

1432 190 1508 232 Ι59

1457 373 1510 393 120

1458 698 1510 719 12<

1460 1027 1513 1055 130

1462 1354 1513 1383 Ι35

1460 1679 1514 1707 140

1461 2005 1513 2034 145

1457 2331 1511 2359 150
