1690 2734
104 271 165 302 111.
185 270 276 312 324]
540 260 579 300 T
575 261 628 301 lte
663 259 790 302 Coast
821 262 872 314 (gf
897 260 1072 314 Epirus.

102 384 276 421 Protinus
311 386 431 424 aerias
454 385 674 423 Phaeacum
696 383 971 422 abscondimus
992 396 1111 430 arces,

103 452 288 500 litoraque
311 450 418 500 Epiri
438 451 598 499 legimus
620 456 812 499 portuque
834 450 1005 486 subimus

103 517 293 563 Chaonio,
316 523 353 554 et
374 516 518 553 celsam
541 514 718 552 Buthroti
740 513 965 551 accedimus
986 514 1134 551 urbem.

157 583 236 619 Hic
258 581 491 618 incredibilis
512 592 639 617 rerum
660 580 763 616 fama
782 585 952 628 occupat
973 580 1084 624 auris,

102 647 322 684 Priamiden
345 647 545 684 Helenum
568 645 703 683 Graias
724 657 884 693 regnare
906 657 975 693 per
994 644 1119 690 urbes,

101 713 282 761 coniugio
303 711 500 749 Aeacidae
524 710 655 760 Pyrrhi
675 710 916 759 sceptrisque
937 710 1116 758 potitum,

101 785 138 815 et
158 778 282 826 patrio
304 776 610 814 Andromachen
632 776 769 813 iterum
792 775 952 812 cessisse
975 775 1124 812 marito.

101 843 292 890 Obstipui,
316 843 489 890 miroque
511 842 714 878 incensum
735 846 872 889 pectus
893 851 1037 885 amore,

100 907 332 955 compellare
352 908 474 944 virum
496 914 533 943 et
554 919 664 943 casus
687 917 926 954 cognoscere
948 911 1088 942 tantos.

101 971 329 1020 Progredior
348 979 473 1029 portstb
492 972 626 1008 classis
648 978 685 1008 et
706 971 815 1007 litora
835 971 1025 1019 linquens,

99 1036 293 1074 sollemnis
314 1049 402 1074 cum
423 1037 519 1074 forte
542 1037 663 1085 dapes
685 1042 722 1073 et
743 1036 863 1073 tristia
884 1035 989 1073 dona

99 1108 187 1138 ante
207 1102 341 1138 urbem
361 1102 400 1138 in
419 1102 507 1139 luco
528 1102 609 1138 falsi
631 1101 836 1139 Simoentis
858 1100 908 1138 ad
930 1101 1076 1138 undam

99 1166 240 1204 libabat
260 1167 378 1203 cineri
399 1166 685 1212 Andromache,
710 1167 916 1214 Manisque
939 1167 1101 1203 vocabat

101 1232 343 1268 Hectoreum
364 1231 414 1268 ad
434 1233 633 1277 tumulum,
656 1231 766 1268 viridi
788 1243 906 1279 quem
927 1232 1096 1279 caespite
1119 1232 1273 1268 inanem

100 1302 138 1333 et
157 1297 342 1344 geminas,
365 1309 520 1333 causam
540 1297 717 1342 lacrimis,
742 1303 955 1333 sacraverat
976 1309 1069 1333 aras.

153 1362 207 1399 Ut
227 1374 288 1398 me
310 1362 512 1410 conspexit
533 1362 753 1398 venientem
776 1368 813 1398 et
833 1362 868 1397 T
869 1363 950 1398 roi'a
971 1362 1116 1398 circum

98 1439 204 1463 arma
223 1439 355 1463 amens
374 1426 478 1472 vidit,
502 1427 650 1475 magnis
672 1427 849 1464 exterrita
870 1428 1047 1464 monstris

99 1490 262 1539 deriguit
282 1492 362 1528 visu
383 1491 422 1528 in
442 1491 586 1536 medio,
609 1492 714 1528 calor
738 1504 824 1528 ossa
844 1492 1021 1540 reliquit,

97 1555 245 1602 labitur,
267 1563 304 1592 et
324 1556 441 1604 longo
462 1557 524 1593 vix
543 1556 704 1593 tandein
728 1563 904 1605 tempore
927 1558 1047 1594 fatur:

99 1621 272 1657 ‘Verane
295 1628 330 1658 te
352 1621 480 1667 facies,
502 1633 611 1659 verus
634 1621 729 1659 mihi
751 1623 907 1659 nuntius
929 1622 1066 1669 adfers,

97 1692 185 1722 nate
208 1685 308 1722 dea?
362 1687 531 1732 Vivisne,
554 1693 631 1733 aut,
655 1687 685 1724 si
705 1687 768 1724 lux
791 1688 892 1724 alma
913 1689 1080 1734 recessit,

101 1751 251 1788 Hector
267 1751 331 1788 ubi
352 1752 455 1788 est?'
514 1752 630 1798 Dixit,
654 1753 907 1802 lacrimasque
930 1754 1065 1791 effudit
1086 1762 1123 1791 et
1144 1767 1299 1792 omnem

98 1815 269 1864 implevit
290 1816 456 1853 clamore
476 1817 619 1854 locum.
677 1818 752 1854 Vix
772 1830 899 1866 pauca
919 1819 1055 1856 furenti

98 1881 259 1926 subicio,
281 1887 318 1917 et
338 1882 427 1918 raris
448 1883 618 1919 turbatus
641 1884 802 1920 vocibus
824 1884 957 1922 hisco:

100 1948 108 1963 ‘
122 1946 220 1982 Vivo
239 1946 433 1994 equidem,
454 1947 648 1996 vitamque
671 1954 842 1985 extrema
862 1961 930 1998 per
949 1950 1082 1987 omnia
1101 1950 1204 1988 duco
1221 1966 1229 1998 ;

98 2022 146 2047 ne
168 2010 313 2057 dubita,
338 2023 427 2048 nam
448 2024 537 2048 vera
557 2012 678 2050 vides.

100 2076 203 2121 Heu,
225 2076 309 2123 quis
330 2083 367 2113 te
389 2088 500 2113 casus
522 2076 714 2115 deiectam
738 2079 904 2128 coniuge
925 2086 1034 2118 tanto

98 2141 251 2188 excipit,
269 2147 332 2177 aut
353 2153 451 2189 quae
474 2141 591 2191 digna
612 2143 700 2180 satis
722 2144 873 2182 fortuna
892 2146 1020 2183 revisit

100 2206 281 2242 Hectoris
302 2205 637 2245 Andromachen?
694 2210 863 2257 Pyrrhin'
886 2211 1054 2248 conubia
1074 2214 1248 2249 servas?’

152 2271 305 2307 Deiecit
325 2271 470 2308 voltum
492 2278 530 2309 et
550 2272 719 2310 demissa
738 2286 835 2311 voce
858 2275 988 2313 locuta
1008 2283 1065 2314 est
1082 2292 1088 2314 :

98 2334 157 2371 ‘O
180 2335 267 2371 felix
288 2348 364 2372 una
385 2343 473 2373 ante
496 2337 586 2375 alias
609 2339 797 2375 Priameia
817 2340 934 2388 virgo,

98 2398 275 2437 hostilem
295 2400 345 2437 ad
366 2402 555 2439 tumulum
576 2404 716 2440 Troiae
738 2404 809 2441 sub
830 2406 1034 2443 moenibus
1055 2407 1138 2444 altis

98 2463 198 2500 iussa
219 2466 327 2509 mori,
350 2478 449 2514 quae
471 2468 622 2505 sortitus
645 2481 723 2505 non
744 2470 897 2517 pertulit
923 2471 1028 2517 ullos,

97 2540 170 2564 nec
191 2529 342 2566 victoris
364 2531 416 2567 eri
438 2532 560 2580 tetigit
581 2533 733 2581 captiva
755 2534 880 2571 cubile
901 2537 907 2571 l

269 2613 314 2634 319
329 2615 555 2651 Andromache,
571 2626 660 2644 some
678 2618 753 2646 Mss.
769 2620 831 2646 and
849 2619 921 2649 Eds.
1132 2620 1174 2640 32⁴
1193 2622 1269 2649 leet-1.
1288 2621 1327 2650 H.

1450 271 1504 313 93

1452 651 1505 679 295

1448 976 1505 1004 300

1447 1303 1502 1331 305

1446 1630 1503 1659 310

1447 1958 1501 1987 315

1446 2286 1502 2314 320
