1690 2734
144 181 309 222 V1.496.]
473 174 560 213 Tlce
594 173 741 213 Slmdc
772 174 825 226 (ff
847 173 966 213 Dido
998 173 1206 226 Appears.
1463 169 1543 229 169⁴

142 298 310 346 imperiis
331 310 443 346 egere
465 297 567 343 suis;
598 309 672 334 nec
693 296 851 333 credere
873 296 977 345 quivi

143 363 246 399 hunc
266 369 415 399 tantum
436 362 504 399 tibi
527 374 587 399 me
609 362 782 399 discessu
803 362 899 398 ferre
921 362 1109 400 dolorem.

142 428 237 465 Siste
258 427 432 476 gradum,
454 434 570 475 teque
591 434 751 476 aspectu
771 439 820 464 ne
841 427 1020 464 subtrahe
1041 435 1183 465 nostra.
1484 428 1539 463 465

142 492 270 540 Quem
291 492 414 540 fugis?
471 493 698 529 Extremum
718 492 809 538 fato,
831 491 938 540 quod
958 499 995 529 te
1016 492 1218 540 adloquor,
1241 493 1316 530 hoc
1337 494 1419 530 est.'

192 558 349 594 Talibus
369 558 521 594 Aeneas
542 556 743 593 ardentem
765 563 802 593 et
822 563 930 594 torva
949 563 1123 594 tuentem

138 623 282 660 lenibat
303 622 415 659 dictis
435 623 620 668 animum,
642 622 895 670 lacrimasque
916 622 1056 659 ciebat.

141 689 211 725 Illa
229 687 311 724 solo
332 687 427 724 fixos
448 687 582 724 oculos
603 699 734 724 aversa
753 687 923 733 tenebat,

140 765 213 789 nec
233 753 352 801 magis
374 752 531 800 incepto
551 751 696 788 voltum
717 764 895 789 sermone
916 759 1103 798 movetur,
1485 760 1542 788 470

139 830 256 866 quam
278 817 308 853 si
329 816 424 853 dura
444 816 537 853 silex
557 823 622 853 aut
642 823 716 853 stet
738 817 932 865 Marpesia
952 824 1094 854 cautes.

138 882 316 919 Tandem
338 882 521 930 corripuit
541 894 637 927 sese,
658 888 773 929 atque
793 882 949 918 inimica
968 882 1104 930 refugit

139 948 177 984 in
198 960 335 984 nemus
356 947 615 992 umbriferum,
637 947 808 982 coniunx
827 946 892 983 ubi
912 946 1091 995 pristinus
1114 947 1164 984 illi

139 1012 349 1061 respondet
369 1013 469 1048 curis
489 1018 707 1060 aequatque
731 1011 925 1060 Sychaeus
947 1024 1132 1049 amorem.

141 1079 226 1115 Nec
248 1078 374 1114 minus
394 1078 558 1122 Aeneas,
580 1089 671 1113 casu
693 1089 905 1114 concussus
927 1077 1071 1125 iniquo,
1486 1085 1540 1112 475

140 1143 383 1192 prosequitur
402 1142 566 1178 lacrimis
587 1142 714 1190 longe,
737 1148 776 1178 et
795 1141 996 1178 miseratur
1016 1149 1185 1179 euntem.

195 1207 293 1245 Inde
315 1207 449 1244 datum
470 1207 622 1243 molitur
642 1207 722 1244 iter.
782 1207 944 1254 Iamque
965 1219 1052 1243 arva
1072 1207 1258 1244 tenebant

141 1273 285 1318 ultima,
307 1284 406 1321 quae
428 1272 528 1309 bello
550 1272 639 1308 clari
661 1278 810 1308 secreta
831 1272 1088 1320 frequentant.

144 1339 221 1375 Hic
243 1338 292 1374 illi
314 1338 480 1374 occurrit
499 1337 670 1386 Tydeus,
692 1337 754 1373 hic
776 1338 940 1374 inclutus
962 1337 1075 1374 armis

143 1403 454 1451 Parthenopaeus
476 1409 513 1439 et
535 1401 685 1439 Adrasti
705 1402 881 1450 pallentis
903 1403 1029 1452 imago
1045 1417 1056 1449 3
1486 1401 1543 1437 480

141 1469 203 1506 hic
224 1469 384 1505 multum
405 1467 481 1504 fleti
502 1467 551 1504 ad
573 1480 731 1516 superos
753 1468 934 1516 belloque
955 1468 1094 1505 caduci

142 1533 402 1579 Dardanidae,
424 1546 521 1582 quos
542 1533 602 1570 ille
623 1546 761 1571 omues
782 1534 898 1583 longo
918 1534 1055 1571 ordine
1077 1547 1240 1571 cernens

140 1599 337 1648 ingemuit,
359 1599 628 1647 Glaucumque
651 1599 922 1648 Medontaque
942 1600 1328 1648 Thersilochumque,

140 1665 204 1702 tris
225 1663 494 1709 Antenoridas,
517 1664 726 1712 Cererique
747 1677 897 1702 sacrum
919 1666 1198 1714 Polyphoeten,

97 1747 102 1752 ·
143 1730 394 1778 Idaeumque,
417 1731 532 1766 etiam
554 1743 696 1775 currus,
719 1731 835 1767 etiam
856 1743 961 1767 arma
981 1738 1192 1769 tenentem.
1484 1731 1540 1766 485

143 1796 403 1834 Circumstant
423 1797 572 1833 animae
595 1795 729 1832 <lextra
748 1797 932 1845 laevaque
954 1797 1172 1845 frequentes
1192 1811 1198 1840 ;

141 1874 215 1898 nec
235 1861 374 1898 vidisse
397 1861 516 1899 semel
537 1861 626 1897 satis
647 1868 704 1897 est
722 1875 730 1907 ;
761 1861 864 1898 iuvat
884 1875 1005 1910 usque
1027 1863 1176 1907 morari,

142 1933 180 1963 et
200 1927 373 1963 conferre
394 1926 568 1975 gradum,
590 1932 628 1962 et
647 1926 828 1963 veniendi
849 1926 997 1964 discere
1019 1940 1164 1964 causas.

143 1994 191 2029 At
212 1994 392 2029 Danaum
413 2005 592 2041 proceres
614 1994 1024 2041 Agamemnoniaeque
1045 1993 1254 2041 phalanges

142 2065 183 2095 ut
202 2059 331 2096 videre
353 2060 473 2096 virum
497 2059 756 2107 fulgentiaque
777 2071 882 2094 arma
903 2070 971 2106 per
991 2058 1157 2102 umbras,
1487 2064 1543 2092 490

143 2124 287 2172 ingenti
309 2124 499 2173 trepidare
521 2130 651 2169 metu3
683 2136 769 2171 pars
790 2130 935 2159 vertere
957 2129 1073 2171 terga,

143 2201 215 2226 ceu
236 2189 436 2238 quondam
457 2190 603 2237 petiere
623 2196 722 2224 rates
741 2202 748 2232 ;
778 2200 865 2236 pars
886 2188 1017 2224 tollere
1038 2199 1176 2224 vocem

144 2255 338 2303 exiguam,
360 2255 537 2302 inceptus
559 2254 704 2290 clamor
723 2253 919 2289 frustratur
939 2253 1102 2289 hiantes.

198 2321 323 2367 Atque
345 2319 406 2355 hic
429 2318 647 2355 Priamiden
668 2318 849 2354 laniatum
871 2329 1033 2365 corpore
1054 2324 1136 2354 toto

147 2383 397 2432 Deiphobum
417 2383 521 2420 videt
542 2390 580 2420 et
599 2383 767 2419 lacerum
790 2381 994 2418 crudeliter
1015 2395 1092 2427 ora,
1486 2387 1542 2415 495

145 2460 212 2485 ora
230 2460 444 2495 manusque
466 2447 611 2492 ambas,
634 2447 893 2495 populataque
914 2453 1090 2494 tempora
1110 2445 1226 2494 raptis

424 2532 468 2553 ⁴⁸⁴¹
483 2533 653 2567 Polyboten.
676 2533 712 2562 R.
1058 2531 1100 2551 ⁴¹³5
1114 2531 1201 2559 via'il.
1227 2530 1263 2558 R.
