1690 2734
131 151 185 193 74
364 152 367 154 ’
461 167 464 171 ·
565 155 609 184 11.
648 144 734 183 Tlce
764 145 868 184 Fall
897 147 949 198 of
982 146 1096 199 Troy.

130 264 311 302 custodes
332 265 486 303 sufferre
507 266 634 303 valent
649 281 659 313 3
690 267 799 311 labat*
813 268 930 304 ariete
953 269 1089 306 crebro

128 329 251 374 ianua,
275 336 311 366 et
332 331 450 367 emoti
472 332 731 379 procumbunt
753 331 910 369 cardine
933 340 1076 381 postes.

128 394 187 430 Fit
208 395 267 430 via
287 395 347 440 vi,
378 403 561 443 rumpunt
581 396 718 441 aditus,
742 397 964 446 primosque
988 399 1181 436 trucidant

128 459 285 495 immissi
308 460 445 505 Danai⁷
468 468 505 496 et
526 460 598 497 late
620 461 706 497 loca
727 462 844 498 milite
869 463 1079 511 complent.

128 524 219 560 Non
240 525 305 568 sic,
329 525 530 572 aggeribus
550 526 668 574 ruptis
690 539 779 563 cum
803 540 986 575 spumeus
1008 529 1130 565 amnis

126 589 228 633 exiit,
251 589 526 637 oppositasque
548 590 662 626 evicit
683 592 829 639 gurgite
852 592 987 637 moles,

125 653 242 689 fertur
262 653 298 689 in
319 666 407 690 arva
427 654 554 691 furens
576 655 745 701 cumulo,
768 668 1006 705 camposque
1028 669 1097 706 per
1117 660 1242 695 omnis

125 730 214 754 cum
236 718 392 754 stabulis
413 726 587 756 armenta
606 720 730 757 trahit.
789 720 878 757 Vidi
901 722 984 770 ipse
1007 722 1194 759 furentem

125 781 246 818 caede
270 783 574 831 Neoptolemum
595 785 849 834 geminosque
873 787 909 822 in
932 787 1061 823 limine
1083 787 1234 824 Atridas
1253 802 1261 834 3

124 846 201 883 vidi
224 847 433 884 Hecubam
454 855 690 898 centumque
712 863 844 897 nurQ2
866 852 1135 900 Priamumque
1157 865 1226 900 per
1247 865 1327 890 aras

124 912 308 960 sanguine
330 912 567 960 foedantem,
590 926 687 962 quos
709 916 790 964 ipse
812 924 1037 962 sacraverat,
1061 917 1168 965 ignis.

125 976 415 1025 Quinquaginta
434 978 484 1014 1111
505 979 674 1025 thalami,
698 993 785 1029 spes
807 988 912 1018 tanta
934 989 1133 1030 nepotum,

123 1041 322 1079 barbarico
343 1050 474 1091 postes
495 1056 588 1081 auro
610 1045 818 1094 spoliisque
840 1047 1007 1095 superbi,

123 1107 363 1154 procubuere
381 1122 389 1153 3
422 1115 556 1145 tenent
577 1110 715 1155 Danai,
737 1123 814 1158 qua
834 1111 966 1148 deficit
988 1113 1095 1160 ignis.

179 1173 352 1208 Forsitan
375 1180 411 1209 et
434 1174 572 1210 Priami
593 1175 732 1211 suerint
753 1188 853 1223 quae
876 1177 951 1212 fata
972 1178 1152 1225 requiras.

124 1237 239 1273 Urbis
261 1237 314 1273 uti
336 1244 473 1286 captae
495 1252 627 1275 casum
649 1241 909 1289 convolsaque
930 1241 1025 1278 vidit

123 1301 253 1337 limina
273 1308 465 1340 tectorum
488 1309 526 1340 et
547 1303 720 1341 medium
743 1305 780 1341 in
801 1307 1248 1353 penetralibushostem,

123 1379 227 1402 311113
248 1367 312 1403 (1111
335 1368 463 1404 senior
483 1368 645 1406 desueta
665 1371 916 1407 trementibus
939 1384 1034 1408 aevo

123 1432 337 1469 circumdat
358 1433 594 1481 nequiquam
624 1434 774 1479 umeris,
812 1441 849 1471 et
878 1436 1008 1472 inutile
1030 1437 1169 1473 ferrum

123 1497 296 1545 cingitur,
319 1511 364 1534 ac
386 1497 529 1536 densos
549 1499 666 1535 fertur
687 1501 891 1537 moriturus
912 1501 950 1537 in
973 1501 1103 1538 hostis.

122 1561 294 1599 Aedibus
316 1563 353 1599 in
375 1563 514 1600 mediis
535 1564 721 1613 nudoque
743 1566 813 1602 sub
836 1567 1001 1603 aetheris
1012 1579 1093 1611 „agge

121 1627 255 1674 ingens
276 1640 340 1664 ara
360 1628 429 1665 fuit
449 1629 630 1677 iuxtaque
652 1631 852 1667 veterrima
873 1631 1010 1677 laurus,

121 1691 350 1729 incumbens
372 1705 459 1730 arae
481 1701 595 1742 atque
617 1696 755 1732 umbra
776 1697 982 1744 complexa
1006 1698 1170 1735 Penatis.

123 1757 200 1792 Hic
225 1758 392 1794 Hecuba
413 1766 450 1795 et
471 1766 583 1796 natae
605 1761 841 1808 nequiquam
863 1762 994 1798 altaria
1015 1763 1173 1808 circum,

121 1822 349 1870 praecipites
371 1830 450 1860 atra
470 1836 542 1861 ceu
563 1831 793 1873 tempestate
816 1827 1032 1872 columbae,

122 1887 344 1924 condensae
366 1895 403 1924 et
424 1888 555 1925 divom
576 1890 776 1937 amplexae
799 1891 1003 1928 simulacra
1025 1892 1225 1930 sedebant.

123 1952 256 1999 Ipsum
277 1959 407 1989 autem
429 1955 590 2001 sumptis
615 1955 806 1991 Priamum
829 1956 1064 1993 iuvenalibus
1089 1959 1200 1994 armis

122 2023 162 2052 ut
182 2017 286 2061 vidit,
306 2018 439 2065 ‘Quae
463 2031 571 2055 mens
592 2026 671 2056 tam
692 2019 785 2065 dira,
810 2021 1019 2058 miserrime
1044 2023 1225 2067 coniunx,

120 2082 269 2130 impulit
292 2083 348 2119 his
370 2084 469 2132 cingi
491 2085 604 2121 telis?
660 2087 736 2122 Aut
758 2099 835 2134 quo
855 2087 959 2123 ruis?
977 2088 984 2103 '
1006 2087 1152 2135 inquit:

121 2149 130 2165 ‘
146 2147 237 2183 Non
258 2148 320 2184 tali
342 2149 482 2185 auxilio
504 2162 577 2186 nec
600 2150 867 2188 defensoribus
889 2152 966 2189 istis

120 2218 272 2260 tempus
294 2221 380 2261 eget
398 2228 405 2259 ;
437 2227 527 2260 non,
550 2215 580 2252 si
602 2216 682 2264 ipse
705 2229 813 2253 meus
835 2230 937 2253 nunc
955 2217 1102 2254 adforet
1128 2219 1288 2255 Hector.

122 2278 214 2314 Huc
235 2278 393 2315 tandem
416 2280 592 2317 concede
611 2294 618 2325 ;
650 2281 746 2317 haec
767 2294 830 2317 ara
850 2282 1017 2319 tuebitur
1037 2274 1173 2328 omnis,

120 2349 184 2379 aut
205 2344 366 2380 moriere
388 2344 525 2381 simul.⁷
582 2346 642 2382 Sic
665 2358 729 2382 ore
751 2346 864 2383 effata
884 2348 1029 2395 recepit

121 2407 170 2445 ad
191 2420 274 2445 sese
297 2414 334 2445 et
354 2421 461 2445 sacra
482 2409 710 2457 longaevum
733 2412 769 2447 in
792 2411 884 2447 sede
906 2412 1055 2448 locavit.

176 2473 281 2510 Ecce
303 2479 432 2510 autem
453 2474 603 2522 elapsus
626 2475 755 2523 Pyrrhi
778 2475 826 2512 de
849 2475 969 2512 caede
994 2477 1146 2519 Polites,

1369 154 1490 195 [AENEI
1496 163 1528 186 1).

1475 475 1527 502 495

1473 1121 1527 1149 505

1471 1446 1526 1474 510

1469 1771 1524 1799 515

1468 2082 1523 2124 5420

1468 2420 1520 2450 525
