1690 2734
95 159 148 198 24
588 149 802 189 pastoral
830 149 999 191 Poems.

146 271 271 307 Necte
292 270 409 308 tribus
430 271 542 308 nodis
564 278 706 317 ternos,
727 272 918 320 Amarylli,
940 272 1101 318 colores,

90 342 216 382 necte,
238 336 430 384 Amarylli,
451 335 584 381 modo,
607 342 644 372 et
674 336 826 384 Vener-23·
847 336 910 372 dic
931 338 1085 373 vincula
1108 343 1224 375 necle.

92 401 232 437 Ducite
254 401 303 439 ab
323 401 415 438 urbe
437 400 609 446 domum,
632 412 719 437 mea
739 402 920 447 carmina,
942 401 1072 438 ducite
1094 402 1304 451 Daphnim.

145 466 275 503 Limus
292 473 331 502 ut
353 466 414 502 1116
436 465 604 502 durescit
625 472 661 502 et
684 465 781 502 haec
802 472 843 502 ut
865 478 953 502 cera
973 467 1147 514 liquescit

90 543 167 567 uno
189 530 407 578 eodemque
430 531 518 578 igni,
541 531 594 566 sic
615 538 745 567 nostro
769 531 944 580 Daphnis
965 544 1108 568 amore.

90 595 232 643 Sparge
253 595 406 640 molam,
430 602 467 632 et
487 596 625 643 fragilis
647 596 814 632 incende
837 597 1022 633 bitumine
1044 597 1181 634 laurus.

91 660 268 708 Daphnis
289 673 350 696 me
372 661 492 697 malus
513 661 596 705 urit,
619 673 691 709 ego
714 661 812 697 hanc
835 662 873 697 in
894 661 1104 709 Daphnide
1125 661 1282 699 laurum.

91 725 232 761 Ducite
253 726 301 762 ab
322 726 416 762 urbe
439 724 612 771 domum,
636 738 722 761 mea
743 726 925 772 carmina,
948 725 1077 762 ducite
1100 727 1309 774 Daphnim.

142 791 245 827 Talis
266 803 374 827 amor
394 791 604 839 Daphnim,
618 791 747 839 -qualis
768 804 857 828 cum
878 792 976 828 fessa
996 792 1200 828 iuvencum

89 868 157 904 per
176 868 336 892 nemora
355 863 468 904 atque
491 856 586 893 altos
608 856 831 904 quaerendo
852 857 992 893 bucula
1011 853 1118 894 lucos

89 927 246 968 propter
266 933 387 969 aquae
408 921 528 957 rivum
549 920 656 957 viridi
679 922 899 969 procumbit
920 922 957 957 in
978 921 1074 967 ulva,
1140 934 1148 956 .·
1171 935 1173 937 ’
1207 927 1216 941 ²

89 985 250 1033 perdita,
272 998 346 1022 nec
367 998 473 1022 serae
494 986 669 1022 meminit
690 985 884 1022 decedere
906 987 1024 1032 nocti,

89 1050 171 1086 talis
192 1063 299 1086 amor
319 1057 460 1095 teneat,
482 1063 555 1086 nec
577 1050 623 1087 sit
643 1050 737 1086 mihi
758 1063 849 1087 cura
868 1051 1027 1088 mederi.

90 1116 234 1151 Ducite
256 1108 305 1152 ab
325 1116 417 1152 urbe
439 1114 611 1161 domum,
634 1128 721 1151 mea
741 1116 923 1161 carmina,
946 1115 1076 1153 ducite
1099 1116 1309 1165 Daphnim.

144 1181 228 1216 Has
249 1181 340 1216 olim
361 1180 515 1217 exuvias
537 1180 628 1216 mihi
650 1180 819 1228 perfidus
842 1181 901 1217 ille
922 1181 1084 1229 reliquit,

90 1245 250 1293 pignora
270 1258 358 1281 cara
378 1246 445 1290 sui,
467 1257 565 1293 quae
588 1258 691 1281 nunc
712 1258 785 1294 ego
807 1246 937 1282 limine
959 1246 997 1282 in
1018 1247 1114 1294 ipso,

91 1317 200 1354 terra,
223 1310 290 1346 tibi
312 1310 456 1347 mando
474 1324 483 1356 ;
514 1310 660 1347 debent
681 1310 778 1346 haec
800 1311 962 1359 pignora
983 1311 1193 1359 Daphnim.

90 1375 231 1411 Ducite
252 1375 300 1412 ab
321 1376 413 1412 urbe
436 1375 607 1419 domum,
630 1388 716 1412 mea
737 1376 918 1420 carmina,
941 1375 1070 1412 ducite
1094 1376 1302 1424 Daphnim.

145 1440 229 1475 Has
251 1440 387 1476 herbas
408 1447 522 1487 atque
544 1440 640 1476 haec
663 1441 788 1476 Ponto
810 1440 902 1476 mihi
922 1440 1023 1476 lecta
1042 1452 1193 1477 venena

89 1504 170 1552 ipse
192 1504 301 1540 dedit
322 1505 466 1541 Moeris
484 1519 493 1551 3
524 1512 732 1541 nascuntur
752 1505 914 1553 plurima
936 1506 1072 1542 Ponto.

90 1570 164 1605 His
186 1581 258 1617 ego
281 1582 395 1617 saepe
416 1570 548 1618 lupum
571 1570 649 1606 fieri
672 1576 709 1606 et
730 1580 769 1606 se
792 1569 962 1606 condere
984 1570 1084 1606 silvis

90 1635 268 1678 Moerim,
291 1646 405 1682 saepe
427 1635 573 1670 animas
596 1635 680 1671 imis
703 1635 828 1670 excire
851 1635 1048 1683 sepulcris,

88 1705 202 1745 atque
223 1705 322 1735 satas
343 1699 416 1734 alio
437 1698 514 1734 vidi
536 1698 737 1735 traducere
761 1699 907 1736 messis.

90 1763 230 1799 Ducite
254 1764 301 1799 ab
322 1763 413 1800 urbe
436 1762 608 1808 domum,
632 1775 719 1799 mea
741 1764 921 1808 carmina,
945 1763 1074 1799 ducite
1098 1763 1308 1811 Daphnim.

144 1828 216 1863 Fer
238 1828 397 1873 cineres,
420 1828 611 1876 Amarylli,
635 1828 745 1872 foras,
768 1828 928 1875 rivoque
950 1828 1080 1864 fluenti

88 1899 266 1939 transque
289 1900 404 1941 caput
421 1893 515 1937 iace,
538 1905 610 1928 nec
631 1892 866 1940 respexeris:
900 1892 956 1929 his
978 1905 1049 1940 ego
1072 1892 1269 1940 Daphnim

88 1956 314 2004 adgrediar3
346 1957 438 1993 nihil
459 1957 518 1993 1116
540 1957 647 2000 deos,
670 1957 721 1993 nil
745 1957 917 1993 carmina
937 1963 1055 1993 curat.

89 2021 229 2058 Ducite
251 2022 299 2058 ab
320 2023 412 2058 urbe
434 2022 606 2066 domum,
628 2034 715 2058 mea
735 2021 917 2066 carmina,
940 2020 1070 2057 ducite
1092 2021 1301 2068 Daphnim.

142 2087 296 2134 Aspice,
319 2087 500 2134 corripuit
522 2087 690 2123 tremulis
711 2087 842 2122 altaria
862 2086 1023 2122 flammis

89 2158 226 2199 sponte
248 2164 326 2195 sua,
349 2151 441 2188 dum
463 2152 557 2188 ferre
579 2164 718 2193 moror,
742 2152 836 2188 cinis
858 2152 939 2199 ipse
959 2166 964 2188 :
996 2151 1143 2188 bonum
1163 2151 1210 2187 sit
1229 2153 1235 2188 1

91 2216 236 2252 Nescio
257 2216 350 2263 quid
372 2223 475 2252 certe
498 2223 565 2261 est,
589 2224 626 2252 et
649 2217 770 2264 Hylas
792 2217 830 2252 in
850 2216 980 2252 limine
1002 2216 1121 2252 latrat.

90 2280 305 2326 Credimus,
327 2293 387 2325 an,
410 2281 473 2328 qui
495 2287 635 2325 amant,
658 2281 729 2329 ipsi
751 2281 821 2317 sihi
843 2281 993 2317 somnia
1013 2280 1189 2328 fingunt?

91 2345 251 2390 Parcite,
273 2345 320 2382 ab
341 2345 433 2382 urbe
455 2346 569 2389 venit,
593 2346 667 2382 iam
689 2346 871 2389 carmina,
894 2345 1052 2393 parcite,
1077 2345 1265 2392 Daphnis.

1343 157 1491 199 [Bucon.

1453 484 1489 510 80

1453 1140 1491 1167 90

1453 1447 1488 1477 95

1436 1779 1490 1798 100

1434 2100 1487 2128 105

167 2479 196 2500 86
210 2479 328 2508 bacula.
350 2480 386 2507 R.
476 2479 676 2516 96pluruma.
700 2480 735 2507 R.
824 2479 853 2499 9⁸
869 2481 1005 2507 Alam-in.
1030 2480 1071 2507 H.
1152 2478 1192 2498 107
1211 2479 1327 2514 Hylax.
1349 2479 1391 2508 H.
