1690 2734
125 178 201 220 116
451 193 507 222 IV.
544 179 792 234 Deparlure
810 183 935 236 from
964 181 1189 238 Carthage.
1358 189 1520 233 [AEmzm.

117 311 204 340 ante
226 304 354 352 fugam
376 304 541 350 suboles,
566 305 595 341 si
618 297 701 353 quis
723 306 815 342 mihi
836 307 1015 354 parvulus
1036 308 1122 343 aula

116 367 265 405 luderet
285 370 449 414 Aeneas,
473 370 537 417 qui
559 376 595 405 te
617 376 748 406 tamen
771 382 836 407 ore
857 371 1024 417 referret,

115 446 196 470 non
216 434 401 482 equidem
422 435 583 471 omnino
605 442 720 483 capta
739 447 785 471 ac
806 435 959 472 deserta
980 436 1156 474 viderer!

171 499 342 536 Dixerat.
403 499 470 535 Ille
495 500 596 536 Iovis
618 500 773 537 monitis
795 501 956 537 immota
976 502 1132 538 tenebat

116 564 272 609 lumina,
295 571 332 600 et
353 564 516 601 obnixus
538 577 670 601 curam
692 565 762 602 sub
784 565 901 602 corde
923 567 1135 614 premebat.

114 629 293 666 Tandem
315 641 441 677 pauca
460 629 573 665 refert
590 644 597 665 :
631 632 639 647 ‘
657 631 740 678 Ego
761 638 810 675 te,
833 643 930 678 quae
953 632 1117 679 plurima
1136 631 1254 668 fando

116 706 340 730 enumerare
361 694 475 740 vales,
497 682 723 742 numquam,
744 695 886 743 regina,
910 698 1061 745 negabo

115 759 391 807 promeritam,
423 771 496 795 nec
519 771 581 795 me
604 759 824 795 meminisse
846 759 993 807 pigebit
1014 760 1173 806 Elissae,

116 823 210 860 dum
230 835 380 860 memor
400 824 482 872 ipse
503 824 592 869 mei,
615 823 709 860 dum
729 824 881 872 spiritus
903 824 975 861 hos
996 825 1092 872 regit
1111 832 1225 861 artus.

116 889 188 925 Pro
208 901 248 924 re
269 900 394 936 pauca
415 888 560 936 loquar.
620 889 760 937 Neque
782 901 856 937 ego
878 889 978 925 hanc
999 889 1241 926 abscondere
1262 889 1360 926 furto

116 953 263 1002 speravi
278 965 387 990 —ne
410 953 511 1001 finge
526 975 579 980 --
594 953 735 1001 fugam,
758 966 833 990 nec
855 954 1030 1002 coniugis
1051 966 1238 1002 umquam

115 1018 318 1066 praetendi
339 1017 487 1064 taedas,
510 1025 575 1055 aut
595 1019 693 1056 haec
714 1019 752 1055 in
775 1019 932 1055 foedera
951 1019 1051 1055 veni.

118 1084 184 1120 Me
206 1083 237 1120 si
258 1084 334 1120 fata
354 1084 448 1120 meis
470 1090 692 1131 paterentur
713 1083 857 1121 ducere
878 1083 996 1120 vitam

117 1148 295 1196 auspiciis
318 1155 356 1185 et
377 1155 516 1196 sponte
538 1161 626 1185 mea
646 1161 883 1197 componere
905 1161 1027 1195 curas,

116 1213 250 1250 urbem
271 1213 480 1250 Troianam
500 1213 667 1261 primum
689 1213 891 1262 dulcisque
912 1227 1087 1251 meorum

117 1278 293 1326 reliquias
316 1278 498 1324 colerem,
522 1279 660 1315 Priami
681 1285 785 1315 tecta
805 1279 881 1315 alta
901 1287 1114 1325 manerent,

117 1350 154 1380 et
174 1343 343 1386 recidLva
364 1356 479 1380 manu
502 1344 716 1391 posuissem
740 1345 926 1392 Pergama
945 1345 1066 1381 victis.

117 1407 193 1445 Sed
213 1420 316 1444 nunc
339 1408 490 1444 Italiam
512 1420 692 1456 magnam
715 1410 891 1457 Gryneus
913 1409 1064 1457 Apollo,

118 1473 267 1509 Italiam
290 1473 429 1521 Lyciae
452 1473 593 1509 iussere
616 1485 818 1521 capessere
840 1480 985 1510 sortes:

118 1537 180 1574 hic
200 1550 320 1584 amor,
342 1538 439 1574 haec
459 1538 581 1586 patria
602 1544 669 1575 est.
728 1538 765 1575 Si
786 1544 822 1575 te
846 1539 1090 1586 Karthaginis
1111 1551 1231 1584 arces,

119 1603 383 1649 Phoenissam,
408 1603 653 1652 Libycaeque
675 1610 854 1651 aspectus
876 1603 1024 1640 detinet
1043 1604 1157 1649 urbis,

119 1681 216 1716 quae
238 1668 410 1714 tandem,
432 1669 605 1705 Ausonia
623 1669 796 1705 Teucros
818 1667 1020 1704 considere
1040 1675 1150 1714 terra,

118 1733 260 1770 invidia
280 1735 365 1770 est?
422 1734 472 1770 Et
492 1746 562 1770 nos
583 1734 638 1770 fas
660 1740 790 1770 extera
811 1745 993 1781 quaerere
1014 1745 1144 1783 regna.

120 1799 186 1835 Me
207 1799 323 1847 patris
344 1798 548 1844 Anchisae,
572 1799 750 1846 quotiens
771 1798 991 1834 umentibus
1012 1798 1155 1835 umbris

118 1876 196 1900 nox
216 1864 340 1912 operit
360 1870 490 1910 terras,
513 1864 692 1911 quotiens
714 1870 813 1899 astra
833 1863 945 1911 ignea
966 1869 1135 1912 surgunt,

120 1928 305 1966 admonet
326 1929 363 1966 in
385 1929 530 1966 somnis
552 1935 591 1965 et
610 1928 766 1965 turbida
786 1934 902 1965 terret
922 1928 1048 1976 imago
1066 1942 1075 1973 ;

120 2006 181 2031 me
202 2007 298 2043 puer
319 1995 506 2031 Ascanius
528 1994 742 2042 capitisque
764 1993 900 2030 iniuria
920 1993 1008 2037 cari,

120 2072 236 2107 quem
257 2072 377 2108 regno
400 2060 617 2108 Hesperiae
638 2058 774 2096 fraudo
797 2065 834 2095 et
855 2058 1030 2095 fatalibus
1053 2058 1159 2095 arvis.

121 2125 236 2162 Nunc
259 2125 374 2161 etiam
395 2125 584 2174 interpres
605 2124 749 2169 divom,
774 2125 866 2161 Iove
888 2123 1025 2160 missus
1046 2123 1095 2159 ab
1116 2123 1264 2171 ipso—

119 2196 239 2226 testor
259 2196 462 2238 utrumque
485 2198 601 2239 caput
614 2212 667 2216 ——
681 2190 813 2226 celeris
828 2188 1018 2226 mandata
1037 2200 1106 2236 per
1125 2200 1233 2224 auras

121 2254 256 2292 detulit
272 2269 282 2302 3
312 2255 393 2303 ipse
416 2255 533 2292 deum
554 2255 758 2292 manifesto
780 2255 818 2291 in
839 2254 985 2290 lumine
1006 2252 1085 2290 vidi

121 2320 327 2357 intrantem
348 2333 489 2366 muros,
511 2333 727 2369 vocemque
748 2320 805 2357 his
827 2320 979 2356 auribus
1000 2318 1120 2355 hausi.

123 2386 267 2424 Desine
289 2398 429 2434 meque
450 2387 522 2423 tuis
544 2386 752 2423 incendere
775 2393 890 2435 teque
911 2385 1074 2435 querelis
1092 2399 1099 2422 ;

123 2452 272 2489 Italiam
292 2464 371 2488 non
393 2458 531 2500 sponte
553 2453 719 2499 sequor.'
765 2443 768 2446 ⁴

685 2537 728 2557 32⁸
736 2537 899 2574 parvolus.
923 2537 960 2567 R.

1465 445 1521 473 330

1464 765 1520 794 335

1463 1092 1520 1119 340

1464 1414 1520 1445 345

1465 1739 1522 1769 350

1467 2065 1521 2094 355
