1690 2734
129 191 188 223 VI.
206 191 296 232 220.]
379 185 526 225 Boves
551 185 695 224 (inille
726 192 767 224 lo
800 184 871 225 tlce
897 183 1063 223 Golden
1094 182 1281 221 Brauclc.

132 309 139 326 ‘
156 307 193 345 Si
213 319 317 344 nunc
339 320 380 344 se
400 308 513 345 nobis
529 307 594 361 'ille
617 319 753 344 aureus
773 306 909 344 arbore
929 317 1057 342 ramus

129 372 310 409 ostendat
330 385 488 410 nemore
510 373 549 409 in
570 379 690 417 tanto,
712 370 872 420 quando
894 370 1027 408 omnia
1046 382 1134 407 vere

129 436 204 474 heu
225 437 387 474 nimium
408 437 457 474 (le
479 444 515 474 te
538 444 656 483 vates,
680 437 845 482 Misene,
868 436 998 472 locuta
1018 436 1099 472 est.‘

181 503 256 538 Vix
276 515 323 539 ea
343 503 440 539 fatus
462 509 552 547 erat,
574 502 752 550 geminae
775 514 864 538 cum
884 501 980 537 forte
1001 500 1208 537 columbae

128 567 211 617 ipsa
230 567 301 605 sub
322 580 389 604 ora
408 568 475 604 viri
496 567 605 604 caelo
625 579 766 603 venere
788 567 974 612 volantes,

128 639 165 670 et
185 632 295 669 viridi
315 632 451 669 sedere
472 633 567 670 solo.
624 633 726 669 Tum
747 632 934 668 maximus
956 631 1069 668 heros

127 705 318 735 maternas
340 698 515 746 agnoscit
536 709 637 743 aves,
659 697 857 746 laetusque
879 704 1080 746 precatur:

128 766 136 782 ⁶
155 764 246 800 Este
269 763 400 809 duces,
424 763 472 809 O,
490 763 520 799 si
541 775 618 812 qua
638 763 698 799 via
719 769 787 808 est,
810 775 1044 811 cursumque
1066 775 1135 811 per
1155 775 1264 799 auras

127 828 275 878 dirigite
297 829 335 865 in
357 829 477 875 lucos,
499 829 564 865 ubi
586 829 771 881 pinguem
794 828 901 865 dives
922 835 1064 877 opacat

125 907 252 931 ramus
275 894 446 931 humum.
505 895 658 942 Tuque,
681 894 729 939 O,
753 893 879 931 dubiis
901 906 948 930 ne
970 894 1095 931 defice
1117 895 1243 940 rebus,

127 959 215 996 diva
235 960 397 1008 parens.'
456 959 519 996 Sic
541 959 676 996 effatus
698 960 856 1008 vestigia
877 960 1024 1008 pressit,

126 1025 333 1062 observans
355 1036 453 1073 quae
476 1025 584 1073 signa
606 1025 738 1070 ferant,
762 1037 840 1073 quo
861 1024 1021 1062 tendere
1042 1031 1216 1074 pergant.

128 1091 334 1127 Pascentes
356 1090 439 1126 illae
461 1096 612 1126 tantum
634 1090 788 1138 prodire
810 1090 990 1136 volando,
1046 1102 1047 1106 ¹
1130 1088 1133 1092 ’

126 1162 313 1204 quantum
334 1155 415 1191 acie
438 1163 599 1203 possent
620 1156 721 1192 oculi
744 1168 892 1192 servare
914 1163 1158 1204 sequentum.

128 1220 226 1257 Inde
248 1220 312 1257 ubi
334 1233 472 1257 venere
493 1220 543 1257 ad
565 1221 694 1257 fauces
715 1233 828 1269 grave
850 1222 987 1258 olentis
1007 1220 1160 1266 Averni,

126 1285 264 1323 tollunt
284 1298 324 1322 se
346 1286 502 1331 celeres,
527 1285 793 1334 liquidumque
815 1299 883 1334 per
903 1286 991 1323 aera
1010 1287 1138 1334 lapsae

127 1350 282 1388 sedibus
304 1343 443 1399 optatis
463 1352 642 1399 geminae
665 1364 779 1400 super
799 1352 933 1389 arbore
955 1351 1095 1398 sidunt,

127 1415 295 1452 discolor
315 1415 419 1452 unde
440 1416 519 1453 auri
541 1428 610 1464 per
630 1429 756 1453 ramos
777 1429 867 1453 aura
887 1417 1042 1454 refulsit.

127 1481 251 1528 Quale
273 1481 369 1518 solet
389 1481 488 1518 silvis
510 1481 669 1518 brumali
691 1482 827 1530 frigore
849 1482 995 1519 viscum

126 1546 262 1583 fronde
282 1546 400 1582 virere
423 1559 534 1592 nova,
559 1546 667 1595 quod
688 1560 765 1583 non
787 1560 855 1583 sua
878 1548 1041 1584 seminat
1062 1548 1187 1594 arbos,

126 1618 164 1648 et
184 1624 324 1649 croceo
346 1612 423 1649 fetu
445 1613 573 1649 teretis
596 1612 836 1649 circumdare
858 1619 1024 1657 truncos,

126 1677 207 1714 talis
229 1684 307 1715 erat
328 1678 477 1726 species
498 1678 578 1714 auri
601 1677 814 1742 frondentis
835 1690 960 1726 opaca

126 1742 225 1788 ilice,
246 1743 300 1779 sic
321 1743 630 1792 lenilcrepitabat
652 1743 799 1781 brattea
819 1750 946 1780 vento.

127 1808 292 1856 Corripit
315 1810 464 1846 Aeneas
486 1809 681 1857 extemplo
703 1795 914 1856 alidusque
935 1810 1104 1857 refringit

126 1880 386 1919 cunctantem,
410 1881 447 1911 et
468 1875 561 1911 vatis
586 1881 712 1922 portat
733 1874 804 1911 sub
825 1880 927 1910 tecta
948 1874 1122 1922 Sibyllae.

181 1940 265 1976 Nec
289 1940 413 1976 minus
435 1940 579 1976 interea
603 1941 798 1976 Misenum
821 1939 856 1976 in
879 1939 986 1976 litore
1008 1939 1147 1975 Teucri

126 2004 279 2050 flebant,
302 2012 339 2041 et
360 2005 476 2041 cineri
501 2005 648 2053 ingrato
673 2017 853 2053 suprema
872 2005 1056 2041 ferebant.

128 2069 320 2118 Principio
342 2071 524 2118 pinguem
546 2070 668 2106 taedis
690 2077 727 2107 et
748 2071 885 2107 robore
907 2076 1014 2106 secto

126 2134 321 2183 ingentem
343 2142 511 2171 struxere
535 2148 682 2183 pyram,
706 2136 767 2172 cui
789 2135 987 2172 frondibus
1008 2135 1096 2171 atris

126 2199 300 2236 intexunt
322 2200 449 2245 latera,
472 2207 510 2236 et
532 2200 664 2237 ferales
689 2207 777 2236 ante
801 2212 1004 2248 cupressos

126 2265 374 2310 constituunt,
397 2265 661 2313 decorantque
683 2277 796 2313 super
817 2265 1048 2313 fulgentibus
1069 2265 1196 2303 armis.

129 2329 215 2365 Pars
236 2329 380 2366 calidos
401 2329 532 2366 latices
553 2337 591 2366 et
611 2330 707 2366 aena
729 2329 912 2366 undantia
933 2330 1095 2367 flammis

127 2392 348 2440 expediunt,
370 2407 587 2442 corpusque
608 2395 732 2430 lavant
755 2395 923 2441 frigentis
945 2401 982 2431 et
1003 2401 1190 2443 unguunt.

128 2457 188 2493 Fit
207 2458 381 2505 gemitus.
438 2459 538 2495 Tum
561 2459 732 2495 membra
755 2467 837 2495 toro
860 2459 999 2495 defleta
1019 2466 1226 2507 reponunt,

223 2541 265 2562 195
279 2543 420 2579 derigite.
443 2544 479 2572 R.
559 2543 600 2563 18⁰
606 2544 701 2581 sbrle.
724 2545 760 2572 R.
840 2543 881 2563 2⁰3
891 2544 1030 2580 gemina.
1055 2545 1089 2572 R.
1169 2544 1212 2564 2⁰9
1227 2545 1360 2573 bractea.
1386 2545 1427 2573 H.

1456 183 1523 220 161

1481 506 1534 535 190

1480 833 1533 862 195

1476 1162 1533 1181 200

1474 1489 1530 1518 205

1473 1815 1530 1835 210

1471 2142 1525 2171 215

1470 2466 1526 2485 220
