1690 2734
208 240 287 280 160
635 256 694 285 V1.
739 244 824 284 lee
855 245 1014 284 Lowcr
1045 245 1195 285 World.

201 361 289 397 Duc
309 361 434 410 nigras
457 361 629 410 pecudes
646 375 656 408 ,-
687 373 732 397 ea
751 362 874 409 prima
894 361 1046 410 piacula
1065 368 1177 398 sunto
1194 375 1203 399 ε

199 425 253 462 516
274 425 434 462 demum
455 426 562 462 lucos
583 426 705 474 Stygis
727 433 763 462 et
784 439 901 474 regna
922 426 1022 462 invia
1040 426 1132 462 vivis

198 490 389 539 aspicies.'
448 491 565 536 Dixit,
588 503 798 539 pressoque
820 491 1011 528 obmutuit
1031 503 1109 529 ore.

252 557 405 592 Aeneas
426 562 574 592 maesto
595 555 743 592 defixus
764 556 908 592 lumina
927 557 1031 593 voltu

199 620 420 669 ingreditur,
443 621 619 668 linquens
640 628 803 666 antrum,
825 633 1042 670 caecosque
1063 621 1210 659 volutat

199 692 358 722 eventus
379 686 509 722 animo
531 698 675 722 secum.
735 686 806 723 Cui
829 686 927 723 fidus
948 686 1115 723 Achates

198 752 225 787 it
246 763 391 796 comes,
414 758 451 787 et
471 751 625 799 paribus
647 752 744 788 curis
766 752 923 800 vestigia
942 752 1033 800 figit.

200 816 323 853 Multa
345 816 442 852 inter
463 828 546 852 sese
568 816 671 853 vario
693 829 871 853 sermone
894 817 1084 862 serebant,

198 893 315 930 quem
337 881 485 917 socium
508 882 725 918 exanimem
746 889 862 927 vates,
886 881 992 929 quod
1015 894 1155 930 corpus
1176 881 1415 918 humandum

198 946 357 983 diceret.
415 948 541 994 Atque
563 947 613 983 illi
636 947 832 983 Misenum
854 947 890 983 in
920 947 1028 983 litore
1051 947 1167 993 sicco,

198 1020 238 1048 ut
259 1024 409 1056 venere,
431 1011 563 1048 vident
584 1011 743 1060 indigna
763 1019 884 1048 morte
912 1019 1168 1060 peremptum,

199 1078 394 1114 Misenum
416 1076 618 1121 Aeoliden,
640 1089 718 1125 quo
740 1089 818 1113 non
841 1077 1094 1125 praestantior
1114 1077 1206 1113 alter

198 1155 284 1179 aere
308 1143 406 1178 ciere
428 1142 539 1187 viros,
563 1143 807 1190 Martemque
830 1141 1047 1178 accendere
1069 1149 1196 1178 can-tu.

200 1209 383 1244 Hectoris
405 1208 465 1255 1116
489 1208 616 1255 magni
637 1207 758 1243 fuerat
779 1220 923 1252 comes,
948 1208 1124 1243 Hectora
1143 1207 1288 1243 circum

199 1280 236 1310 et
256 1262 519 1321 lituo'pugnas
541 1273 696 1321 insignis
718 1274 851 1310 obibat
872 1280 909 1309 et
930 1273 1060 1309 hasta:

197 1346 402 1387 postquam
424 1339 528 1374 illum
549 1339 625 1374 vita
646 1339 767 1375 victor
787 1338 962 1386 spoliavit
978 1338 1157 1384 Achilles,

198 1403 396 1441 Dardanio
418 1405 573 1440 Aeneae
591 1415 674 1440 sese
695 1404 920 1440 fortissimus
941 1403 1053 1440 heros

197 1468 398 1506 addiderat
420 1469 581 1513 socium,
602 1481 682 1505 non
704 1469 881 1505 inferiora
901 1476 1067 1505 secutus.

198 1534 272 1572 Sed
295 1541 389 1580 tum,
411 1535 505 1571 sorte
528 1547 621 1569 cava
641 1533 735 1570 dum
756 1541 937 1582 personat
957 1546 1127 1582 aequora
1147 1534 1309 1580 concha,

197 1599 371 1644 demens,
395 1606 432 1635 et
453 1606 567 1635 cantu
588 1606 701 1635 vocat
723 1599 760 1635 in
783 1600 994 1635 certamina
1015 1599 1135 1645 divos,

198 1665 371 1701 aemulus
393 1671 600 1712 exceptum
620 1664 768 1709 Triton,
791 1664 821 1700 si
842 1664 999 1700 credere
1022 1664 1183 1713 dignum
1205 1672 1274 1711 est,

197 1730 294 1765 inter
315 1742 405 1765 saxa
424 1730 545 1765 virum
567 1742 748 1778 spumosa
769 1729 992 1766 inmerserat
1013 1729 1129 1766 unda.

252 1796 355 1843 Ergo
376 1807 511 1831 omnes
532 1807 673 1843 magno
691 1795 837 1831 circum
859 1795 1025 1832 clamore
1047 1796 1274 1842 fremebant,

196 1861 404 1908 praecipue
426 1860 511 1907 pius
533 1861 695 1896 Aeneas.
753 1861 854 1896 Turn
876 1861 977 1896 iussa
993 1861 1166 1908 Sibyllae,

197 1924 299 1960 haud
321 1937 438 1967 mora,
462 1924 641 1960 festinant
663 1924 809 1970 flentes,
832 1938 1013 1973 aramque
1035 1926 1228 1973 sepulchri

197 2003 404 2039 congerere
427 1990 624 2027 arboribus
648 1991 834 2038 caeloque
857 1990 1024 2027 educere
1047 1997 1206 2029 certant.

198 2057 277 2092 Itur
298 2056 334 2091 in
356 2056 551 2103 antiquam
573 2055 717 2100 silvam,
740 2056 888 2092 stabula
909 2056 981 2091 alta
1003 2056 1166 2092 ferarum
1181 2070 1190 2102 3

196 2121 455 2169 procumbunt
477 2120 622 2168 piceae,
645 2127 756 2156 sonat
776 2120 852 2155 icta
872 2120 1068 2157 securibus
1089 2121 1175 2167 ilex,

195 2186 464 2233 fraxineaeque
486 2185 611 2221 trabes
633 2185 765 2221 cuneis
787 2191 825 2220 et
844 2185 957 2222 fissile
978 2186 1094 2222 robur

142 2290 144 2293 ,
195 2251 392 2295 scinditur,
415 2250 622 2286 advolvunt
644 2250 806 2298 ingentis
828 2251 1023 2287 montibus
1045 2263 1172 2289 ornos.

249 2317 333 2352 Nec
358 2328 436 2352 non
459 2317 608 2352 Aeneas
631 2327 749 2363 opera
771 2316 868 2352 inter
887 2316 977 2352 talia
996 2317 1140 2364 primus

194 2381 365 2418 hortatur
385 2382 524 2426 socios,
546 2382 778 2429 paribusque
799 2382 1013 2429 accingitur
1033 2382 1158 2419 armis.

194 2448 320 2493 Atque
342 2446 436 2482 11366
459 2447 540 2494 ipse
562 2459 630 2482 suo
651 2447 744 2483 tristi
766 2459 855 2483 cnm
877 2447 995 2484 corde
1017 2448 1174 2493 volutat,

193 2510 426 2559 adspectans
447 2511 580 2547 silvam
602 2511 829 2557 inmensam,
852 2518 889 2548 61
910 2511 964 2548 516
985 2524 1081 2548 voce
1103 2519 1304 2560 precatur:

423 2595 464 2616 154
480 2597 608 2633 όζγὸσὶος.
630 2596 673 2626 H.
1078 2596 1120 2618 177
1133 2598 1303 2635 sepulchro.
1325 2599 1362 2628 R.

1444 251 1605 291 [AENEID.

1545 817 1600 845 160

1545 1142 1599 1178 165

1545 1803 1597 1832 175

1544 2122 1598 2150 180

1541 2447 1592 2482 185
