1690 2734
185 147 244 180 1v.
262 148 353 191 395]
547 143 680 184 Scorn
712 144 808 184 and
837 143 983 184 lVratlz
1015 145 1068 197 of
1090 145 1219 186 Dido,

236 266 345 303 Talia
365 265 563 303 dicentem
584 265 813 304 iamdudum
833 279 965 304 aversa
985 273 1121 314 tuetur,

183 330 260 367 huc
280 330 368 368 illuc
389 331 545 368 volvens
566 331 712 378 oculos,
734 338 936 380 totumque
958 338 1126 380 pererrat

182 396 388 434 luminibus
409 396 545 442 tacitis,
568 402 606 433 et
626 396 680 433 sic
701 409 867 434 accensa
888 397 1081 445 profatur:

183 465 192 481 ‘
211 463 298 499 Nec
320 460 387 498 tibi
411 460 499 498 diva
518 473 668 509 parens,
689 462 839 510 generis
860 474 934 498 nec
956 461 1160 499 Dardanus
1181 469 1326 509 auctor,

182 526 330 576 perfide
345 540 356 574 3
387 525 456 563 sed
479 525 582 563 duris
603 527 735 574 genuit
756 533 792 563 te
815 527 989 564 cautibus
1011 527 1168 564 horrens

183 593 392 638 Caucasus,
418 592 703 640 Hyrcanaeque
725 591 933 629 admorunt
953 592 1070 629 ubera
1090 593 1217 641 tigres.

183 659 285 695 Nam
307 656 401 706 quid
423 656 634 702 dissimulo,
656 662 721 693 aut
741 669 840 705 quae
862 669 923 693 me
945 657 995 693 ad
1017 658 1161 694 maiora
1180 659 1361 695 reservo?

184 724 288 760 Num
310 722 400 759 fletu
422 721 608 770 ingemuit
629 722 788 758 nostro?
845 723 950 759 Num
971 723 1114 759 lumina
1134 722 1264 759 flexit?

183 789 289 825 Num
310 788 484 825 lacrimas
506 787 628 823 victus
649 785 769 832 dedit,
791 793 856 824 aut
877 787 1076 824 miseratus
1097 794 1289 825 amantem
1313 790 1397 826 est?

183 853 293 900 Quae
315 853 453 901 quibus
476 852 715 889 anteferam?
774 853 856 888 Iam
878 852 953 888 iam
975 864 1048 888 nec
1072 865 1251 889 maxuma
1272 854 1383 900 Iuno,

182 931 256 955 nec
277 918 472 955 Saturnius
495 917 590 954 haec
613 916 734 953 oculis
756 923 864 964 pater
884 917 1019 965 aspicit
1039 918 1183 966 aequis.

183 983 385 1031 Nusquam
407 989 488 1019 tuta
507 981 616 1019 fides.
678 982 858 1018 Eiectum
879 982 999 1027 litore,
1022 989 1200 1030 egentem

182 1048 331 1096 excepi,
354 1054 392 1085 et
412 1048 518 1096 regni
541 1047 703 1084 demens
727 1046 766 1083 in
786 1053 891 1095 parte
914 1047 1062 1093 locavi,

182 1113 360 1149 amissam
383 1113 557 1158 classem,
580 1112 708 1149 socios
728 1124 750 1148 a
770 1118 892 1148 morte
914 1111 1059 1148 reduxi.

185 1179 277 1214 Heu
297 1178 399 1215 furiis
421 1178 579 1215 incensa
599 1178 698 1214 feror
716 1179 723 1213 l
782 1177 898 1213 Nunc
920 1189 1038 1225 augur
1058 1178 1209 1226 Apollo,

183 1255 287 1279 nunc
310 1243 450 1291 Lyciae
471 1249 603 1288 sortes,
626 1255 730 1279 nunc
751 1248 789 1278 et
812 1243 904 1279 Iove
926 1242 1062 1278 missus
1083 1243 1132 1279 ab
1153 1243 1236 1291 ipso

183 1308 368 1356 interpres
390 1307 520 1344 divom
542 1308 612 1344 fert
634 1306 790 1344 horrida
811 1307 911 1344 iussa
931 1318 1000 1355 per
1020 1319 1141 1344 auras.

182 1373 336 1410 Scilicet
357 1373 385 1410 is
407 1373 560 1421 Superis
580 1373 687 1410 labor
710 1379 778 1418 est,
801 1384 847 1408 ea
867 1384 958 1408 cura
977 1372 1129 1420 quietos

182 1438 370 1476 sollicitat.
430 1438 568 1486 Neque
589 1444 626 1475 te
647 1444 776 1484 teneo,
800 1449 927 1485 neque
950 1437 1055 1474 dicta
1075 1438 1218 1475 refello.

183 1505 213 1549 Ι,
236 1516 396 1552 sequere
419 1505 570 1542 Italiam
590 1505 725 1551 ventis,
748 1512 836 1553 pete
861 1515 979 1553 regna
999 1515 1068 1552 per
1089 1503 1223 1540 undas.

183 1569 302 1617 Spero
324 1569 507 1617 equidem
528 1569 677 1616 mediis,
699 1570 729 1607 si
750 1570 844 1619 quid
865 1571 930 1619 pia
950 1571 1110 1607 numina
1130 1576 1302 1618 possunt,

182 1634 370 1682 supplicia
391 1635 597 1672 hausurum
618 1636 798 1684 scopulis,
822 1643 859 1673 et
880 1636 1038 1673 nomine
1061 1635 1165 1672 Dido

182 1711 298 1747 saepe
319 1706 556 1737 vocaturum.
614 1701 758 1749 Sequar
778 1702 866 1739 atris
888 1703 1038 1751 ignibus
1059 1703 1210 1747 absens,

182 1771 232 1810 et,
252 1776 342 1801 cum
362 1764 498 1813 frigida
518 1777 618 1802 mors
639 1767 769 1804 anima
789 1767 984 1805 seduxerit
1005 1774 1118 1812 artus,

183 1830 361 1866 omnibus
382 1830 516 1866 umbra
536 1830 628 1868 locis
649 1831 779 1869 adero.
840 1833 972 1877 Dabis,
995 1833 1183 1881 improbe,
1206 1843 1364 1885 poenas.

183 1893 360 1939 Audiam,
383 1901 420 1931 et
442 1895 537 1931 haec
561 1896 688 1933 Manis
710 1898 839 1935 veniet
861 1898 954 1934 mihi
975 1898 1076 1934 fama
1096 1897 1166 1934 sub
1188 1897 1311 1934 imos!

183 1959 256 1995 His
280 1958 452 1996 medium
473 1960 586 1998 dictis
608 1974 828 2000 sermonem
850 1963 1054 2011 abrumpit,
1078 1969 1115 1999 et
1135 1974 1244 1999 auras

182 2035 295 2072 aegra
315 2025 420 2073 fugit,
442 2037 560 2074 seque
583 2040 630 2065 ex
651 2029 770 2066 oculis
792 2028 925 2065 avertit
945 2035 983 2065 et
1003 2028 1136 2072 aufert,

182 2088 358 2136 linquens
380 2090 498 2127 multa
519 2100 623 2130 metu
647 2100 896 2130 cunctantem
918 2098 954 2130 et
975 2092 1094 2129 multa
1116 2098 1312 2140 parantem

183 2153 325 2191 dicere.
383 2155 603 2206 Suscipiunt
623 2158 798 2204 famulae,
822 2157 1083 2206 conlapsaque
1105 2157 1280 2193 membra

184 2232 398 2258 marmoreo
418 2224 586 2261 referunt
606 2222 775 2260 thalamo
796 2222 998 2270 stratisque
1019 2228 1224 2270 reponunt.

237 2287 286 2322 At
305 2286 391 2334 pius
413 2290 580 2333 Aeneas,
603 2300 837 2336 quamquam
857 2288 975 2324 lenire
997 2287 1195 2324 dolentem

184 2351 347 2389 solando
368 2353 474 2402 cupit
496 2359 533 2390 et
554 2352 665 2390 dictis
687 2359 854 2390 avertere
876 2364 997 2397 curas,

186 2417 303 2453 multa
323 2429 482 2465 gemens
504 2430 722 2466 magnoque
744 2418 915 2454 animum
937 2417 1147 2453 labefactus
1169 2428 1312 2460 amore,

1505 157 1583 199 117

1530 470 1584 500 305

1530 796 1586 824 370

1529 1120 1585 1149 375

1526 1438 1584 1474 380

1528 1766 1583 1802 385

1526 2419 1581 2448 395

185 2501 227 2523 862
243 2502 421 2532 iandudum.
445 2503 480 2532 R.
520 2502 561 2523 ²⁷⁰
577 2506 766 2531 amantemst.
791 2503 825 2531 R.
867 2502 909 2523 886
923 2502 934 2523 7
952 2502 1126 2539 Suspected
1144 2502 1183 2537 by
1200 2501 1235 2529 R.
1276 2500 1315 2520 ³91
1341 2500 1520 2535 Amztpiunl.
1545 2499 1579 2529 R.
