1690 2734
116 122 129 149 1
138 121 195 161 40
698 122 737 150 v.
778 109 930 163 Sicily.

108 238 266 269 tantane
287 238 365 268 tarn
386 232 536 280 patiens
557 232 662 269 nullo
684 232 892 269 certamine
913 233 993 270 tolli

109 297 214 333 dona
235 297 364 334 sines?
420 297 497 334 Ubi
518 309 621 333 nunc
642 297 754 333 nobis
775 296 870 333 deus
891 297 952 334 ille
973 298 1153 346 magister

109 362 346 410 nequiquam
367 368 603 398 memoratus
626 362 756 410 Eryx?
811 361 890 399 Ubi
910 362 1011 398 fama
1031 374 1098 410 per
1118 374 1275 400 omnem

109 427 359 472 Trinacriam,
382 433 420 463 et
441 426 563 474 spolia
582 426 644 462 illa
664 427 736 462 tuis
758 425 970 474 pendentia
990 427 1150 464 tectis?’

111 492 178 529 Ille
200 492 270 528 sub
293 491 388 528 haec
406 505 412 528 :
447 494 455 509 ‘
472 491 563 528 Non
585 490 706 528 laudis
727 503 846 537 amor,
868 503 942 528 nec
962 492 1081 540 gloria
1101 493 1215 529 cessit

110 557 220 605 pulsa
241 563 345 593 metu
363 570 371 602 3
403 556 471 593 sed
494 556 598 592 enirn
619 555 767 604 gelidus
788 555 963 593 tardante
985 563 1143 593 senecta

111 622 264 669 sanguis
285 621 412 666 hebet,
435 621 651 669 frigentque
675 620 811 657 effetae
833 622 871 657 in
893 633 1055 670 corpore
1076 622 1186 659 vires.

111 687 148 723 Si
169 686 274 731 mihi,
296 698 394 733 quae
416 685 615 733 quondam
639 686 770 732 fuerat,
793 698 946 734 quaque
971 687 1168 735 improbus
1190 688 1260 724 iste

111 751 274 787 exsultat
294 750 430 794 fidens,
452 751 482 786 si
504 763 607 787 nunc
630 751 726 787 foret
748 751 809 787 illa
830 752 1017 798 iuventas,

112 815 215 852 haud
236 814 419 863 equidem
441 816 564 863 pretio
586 814 765 852 inductus
788 816 1028 865 pulchroque
1049 818 1213 855 iuvenco

111 882 314 925 venissem,
337 891 410 916 nec
432 879 538 916 dona
558 881 712 916 moror.’
771 881 832 917 Sic
855 881 998 918 deinde
1018 882 1168 920 locutus

112 949 150 984 in
172 945 344 983 medium
364 945 540 992 geminos
562 945 724 981 immani
745 945 918 993 pondere
940 954 1091 985 caestus

112 1011 286 1061 proiecit,
309 1010 446 1058 quibus
468 1022 558 1046 acer
580 1010 682 1058 Eryx
703 1010 741 1046 in
762 1012 907 1058 proelia
927 1019 1056 1049 suetus

113 1078 208 1114 ferre
231 1087 401 1120 manum,
424 1073 598 1122 duroque
620 1075 821 1112 intendere
842 1077 998 1113 brachia
1019 1085 1141 1128 tergo.

114 1145 346 1193 Obstipuere
368 1143 509 1179 animi:
541 1149 734 1179 tantorum
757 1143 926 1190 ingentia
947 1150 1096 1191 septem

115 1218 221 1259 terga
240 1210 359 1246 boum
380 1208 542 1256 plumbo
566 1208 691 1244 insuto
714 1208 890 1256 ferroque
912 1208 1097 1255 rigebant.

170 1277 270 1312 Ante
292 1285 429 1310 omnes
451 1279 579 1322 stupet
599 1274 681 1322 ipse
703 1274 838 1319 Dares,
861 1273 1053 1323 longeque
1074 1279 1249 1320 recusat;

116 1344 461 1394 magnanimusque
484 1338 739 1377 Anchisiades
761 1344 798 1375 et
818 1337 971 1387 pondus
993 1345 1030 1375 et
1051 1339 1134 1386 ipsa

116 1411 192 1448 huc
213 1411 300 1447 illuc
321 1409 538 1446 vinclorum
560 1408 749 1444 immensa
767 1404 964 1441 volumina
984 1410 1117 1441 versat.

117 1479 218 1515 Turn
239 1477 366 1514 senior
386 1475 467 1511 talis
489 1472 676 1509 referebat
696 1476 854 1519 pectore
875 1480 992 1505 voces
1010 1482 1016 1505 :

173 1544 313 1594 ‘Quid,
335 1545 364 1582 si
386 1543 470 1592 quis
493 1546 642 1578 caestus
666 1536 782 1585 ipsius
804 1541 841 1571 et
864 1533 1042 1570 Herculis
1063 1546 1168 1570 arma

117 1612 288 1655 vidisset,
309 1610 534 1656 tristemque
556 1606 633 1642 hoc
654 1603 738 1650 ipso
760 1601 797 1637 in
817 1600 926 1636 litore
947 1599 1145 1647 pugnam?

121 1679 235 1715 Haec
256 1687 460 1725 germanus
483 1674 585 1721 Eryx
607 1667 805 1719 quondam
826 1672 912 1702 tuus
935 1676 1039 1700 arma
1058 1664 1215 1712 gerebat
1230 1678 1240 1711 3
1256 1686 1309 1691 —

119 1743 304 1791 sanguine
326 1741 449 1778 cernis
470 1738 599 1776 adhuc
620 1745 831 1784 sparsoque
853 1731 994 1768 infecta
1014 1730 1175 1766 cerebro
1192 1743 1201 1776 3
1217 1751 1270 1757 —

120 1809 177 1845 his
200 1819 382 1856 magnum
403 1804 568 1842 Alciden
589 1809 722 1839 contra
743 1798 846 1836 stetit
864 1811 871 1843 ;
903 1787 960 1832 his
981 1808 1054 1843 ego
1075 1801 1216 1840 suetus,

122 1874 215 1911 dum
237 1873 371 1910 melior
390 1871 486 1907 vires
508 1868 660 1916 sanguis
682 1866 811 1909 dabat,
833 1862 985 1901 aemula
1005 1860 1176 1897 necdum

123 1938 362 1987 temporibus
383 1934 544 1984 geminis
567 1932 731 1969 canebat
753 1942 883 1979 sparsa
903 1933 1094 1965 senectus.

123 2004 199 2042 Sed
220 2004 249 2040 si
270 2008 400 2039 nostra
422 2002 543 2037 Dares
565 1998 662 2035 haec
683 1998 819 2033 Troius
841 2006 947 2031 arma
966 1996 1130 2036 recusat,

124 2069 241 2117 idque
263 2068 327 2116 pio
349 2065 460 2103 sedet
481 2066 649 2108 Aeneae,
670 2062 808 2110 probat
828 2066 963 2096 auctor
983 2060 1156 2102 Acestes,

125 2145 337 2182 aequemus
359 2142 519 2179 pugnas.
578 2127 712 2176 Erycis
733 2126 801 2163 tibi
822 2132 927 2173 terga
946 2123 1100 2160 remitto
1117 2136 1127 2169 ;

126 2199 230 2235 solve
252 2204 375 2234 metus
393 2210 401 2241 3
433 2202 471 2232 et
491 2201 531 2231 tu
551 2193 741 2230 Troianos
762 2202 859 2228 exue
881 2189 1056 2226 caestus.’

128 2265 243 2300 Haec
264 2263 374 2306 fatus,
397 2260 594 2308 duplicem
619 2271 667 2295 ex
686 2257 826 2294 umeris
848 2256 981 2292 reiecit
1002 2255 1200 2299 amictum,

129 2335 166 2365 et
187 2339 346 2375 magnos
368 2325 631 2362 membrorum
651 2328 764 2365 artus,
786 2332 927 2368 magna
947 2330 1034 2355 ossa
1053 2317 1295 2365 lacertosque

131 2393 245 2437 exuit,
268 2398 382 2439 atque
403 2390 538 2437 ingens
559 2386 689 2424 media
708 2385 883 2422 consistit
904 2395 1029 2419 arena.

185 2458 287 2494 Tum
307 2462 409 2492 satus
430 2453 600 2491 Anchisa
619 2457 769 2487 caestus
790 2456 899 2497 pater
918 2447 1051 2484 extulit
1071 2458 1228 2494 aequos,

1351 115 1514 158 [AENEm.

1460 240 1518 269 390

1462 563 1517 593 395

1464 888 1520 916 400

1466 1213 1522 1243 405

1469 1539 1526 1567 410

1473 1864 1529 1894 415

1480 2192 1534 2219 420
