1690 2734
150 198 204 236 86
459 208 522 237 111.
556 197 643 235 Tlle
679 197 945 250 [Vanderz'ng
974 199 1027 250 of
1052 198 1235 238 Afiucas.

149 319 229 364 Ille,
251 325 292 356 ut
312 332 408 368 opes
429 319 571 356 fractae
593 321 800 365 Teucrum,
823 327 860 356 et
882 321 1052 356 Fortuna
1071 321 1239 365 recessit,

146 380 213 420 res
226 385 553 432 Agamemnonias
574 385 822 432 victriciaque
843 397 948 421 arma
968 391 1134 430 secutus,

146 449 200 485 fas
222 461 339 485 omne
361 450 551 497 abrumpit
568 463 576 494 3
610 449 842 497 Polydorum
865 450 1081 495 obtruncat,
1104 456 1141 486 et
1163 463 1254 487 auro

146 514 181 550 vi
202 514 355 562 potitur.
415 513 520 561 Quid
541 526 621 550 non
644 514 818 550 mortalia
838 520 997 562 pectora
1019 516 1137 562 cogis,

145 580 224 615 auri
245 592 352 615 sacra
373 579 521 615 fames?
579 580 786 626 Postquam
809 591 929 627 pavor
949 592 1036 616 ossa
1056 580 1218 627 reliquit,

146 644 318 680 delectos
340 644 472 692 populi
495 643 544 680 ad
567 656 748 692 proceres
770 645 1016 692 primumque
1039 638 1238 693 parentem

147 716 317 745 monstra
337 709 455 745 deum
476 710 611 754 refero,
635 717 672 745 et
693 722 793 757 quae
815 710 861 746 sit
883 711 1074 746 sententia
1094 722 1228 758 posco.

146 774 338 811 Omnibus
360 774 464 810 idem
486 775 648 817 animus,
671 775 857 810 scelerata
877 775 1068 811 excedere
1090 782 1199 819 terra,

147 839 265 886 linqui
285 840 476 887 pollutum
498 839 721 887 hospitium,
744 847 781 875 et
803 839 894 876 dare
918 840 1102 876 classibus
1124 847 1284 876 austros.

148 904 250 951 Ergo
272 904 526 940 instauramus
549 904 742 953 Polydoro
764 905 889 949 funus,
913 911 950 941 et
972 905 1106 952 ingens

147 969 337 1017 aggeritur
357 969 505 1006 tumulo
526 970 663 1015 tellus,
695 976 795 1006 stant
819 970 1000 1006 Manibus
1023 982 1122 1013 arae,

146 1034 330 1070 caeruleis
352 1041 522 1071 maestae
543 1035 644 1070 vittis
665 1041 822 1082 atraque
845 1047 1042 1083 cupresso,

147 1106 184 1135 et
205 1099 351 1135 circum
374 1099 516 1135 Iliades
537 1100 683 1135 crinem
705 1099 754 1135 de
776 1112 883 1135 more
906 1100 1052 1135 solutae
1070 1113 1080 1145 5

146 1164 342 1200 inferimus
362 1163 498 1212 tepido
518 1164 737 1212 spumantia
757 1165 910 1212 cymbia
931 1165 1030 1200 lacte

147 1229 341 1277 sanguinis
363 1235 401 1265 et
421 1229 517 1265 sacri
538 1236 701 1277 pateras,
724 1229 972 1277 animamque
994 1230 1199 1277 sepulchro

147 1293 363 1339 condimus,
386 1300 425 1330 et
444 1307 586 1342 magna
605 1307 829 1342 supremum
851 1307 948 1330 voce
971 1295 1130 1331 ciemus.

202 1358 312 1404 Inde,
335 1359 399 1395 ubi
420 1359 543 1407 prima
563 1359 659 1395 fides
681 1359 831 1407 pelago,
854 1360 1083 1407 placataque
1105 1360 1208 1395 venti

147 1423 241 1460 dant
260 1424 380 1460 maria
399 1430 438 1460 et
457 1424 553 1461 lenis
576 1425 768 1472 crepitans
790 1430 903 1460 vocat
925 1426 1062 1460 Auster
1082 1424 1121 1459 in
1142 1424 1272 1469 altum,

147 1488 348 1525 deducunt
368 1489 466 1525 socii
486 1489 592 1525 navis
615 1495 652 1525 et
672 1489 782 1525 litora
803 1489 1003 1537 complent
1020 1504 1027 1525 :

146 1553 394 1602 provehimur
414 1561 539 1602 portu,
561 1560 764 1602 terraeque
786 1554 978 1602 urbesque
998 1553 1200 1591 recedunt.

147 1620 262 1655 Sacra
281 1619 372 1654 mari
395 1619 532 1655 colitur
552 1618 683 1655 medio
705 1619 920 1667 gratissima
939 1619 1050 1656 tellus

148 1679 362 1716 Nereidum
383 1680 495 1716 matri
517 1686 555 1716 et
577 1680 763 1727 Neptuno
786 1681 954 1727 Aegaeo,

146 1757 264 1792 quam
285 1745 369 1793 pius
390 1745 618 1781 Arcitenens
640 1757 725 1781 oras
747 1752 784 1780 et
806 1745 914 1780 litora
935 1745 1081 1781 circum
1129 1753 1132 1756 ⁴

146 1816 335 1846 errantem
358 1811 531 1858 Mycono
553 1822 573 1846 e
596 1810 698 1845 celsa
720 1810 927 1857 Gyaroque
949 1811 1121 1855 revinxit,

146 1875 424 1923 immotamque
446 1874 521 1910 coli
543 1873 652 1911 dedit
673 1881 710 1910 et
731 1882 983 1911 contemnere
1005 1882 1153 1912 ventos.

148 1941 238 1976 Huc
261 1939 385 1986 feror;
416 1939 512 1975 haec
535 1940 654 1975 fessos
676 1946 757 1976 tuto
780 1939 1042 1987 placidissima
1062 1947 1174 1987 portu

146 2005 286 2053 accipit
304 2019 310 2042 :
343 2005 482 2053 egressi
504 2017 731 2041 veneramur
752 2005 939 2052 Apollinis
961 2005 1107 2041 urbem.

147 2071 231 2106 Rex
252 2070 384 2114 Anius,
406 2082 472 2106 rex
492 2069 596 2106 idem
618 2070 820 2106 hominum
845 2070 1068 2117 Phoebique
1086 2072 1278 2117 sacerdos,

145 2135 244 2171 vittis
266 2141 303 2170 et
324 2147 431 2171 sacra
451 2134 649 2171 redimitus
671 2142 847 2182 tempora
868 2135 985 2179 lauro,

146 2200 337 2246 occurrit3
368 2207 537 2236 veterem
559 2200 754 2236 Anchisen
777 2199 980 2247 adgnoscit
1001 2200 1181 2235 amicum.

147 2265 345 2313 Iungimus
368 2264 534 2312 hospitio
556 2264 720 2309 dextras,
744 2271 781 2300 et
802 2271 904 2300 tecta
925 2265 1107 2300 subimus.

199 2329 363 2377 Templa
385 2329 447 2364 dei
468 2342 560 2365 saxo
580 2329 790 2366 venerabar
811 2335 952 2365 structa
972 2336 1123 2365 vetusto
1141 2343 1147 2364 :

147 2398 156 2413 ‘
172 2396 233 2432 Da
253 2394 459 2443 propriam,
480 2394 735 2441 Thymbraee,
757 2393 917 2430 domum
936 2406 942 2435 ;
975 2393 1026 2429 da
1046 2394 1201 2429 moenia
1221 2394 1326 2430 fessis

145 2466 183 2496 et
204 2471 325 2507 genus
347 2465 383 2495 et
406 2470 623 2494 mansuram
644 2458 804 2503 urbem;
836 2470 944 2493 serva
964 2458 1080 2493 altera
1099 2458 1236 2494 Troiae

415 2543 443 2563 75
460 2545 675 2579 Arquitenens.
699 2543 735 2571 R.
1015 2543 1043 2562 ⁸2
1059 2544 1215 2579 mignavi&
1242 2543 1276 2570 R.

1389 203 1547 244 [AENEiD.

1513 458 1548 486 55

1515 775 1552 801 60

1518 1432 1555 1459 70

1517 1753 1552 1780 75

1515 2070 1550 2096 80
