1690 2734
146 179 203 209 VI.
222 178 312 220 358]
438 172 524 211 Tlee
555 171 706 210 Bauks
739 171 790 222 (gf
817 170 954 221 Styx:
987 169 1246 209 Palinurus.

145 296 184 332 di
207 296 312 332 cuius
335 296 456 332 iurare
476 295 614 331 timent
635 300 672 330 et
693 293 819 329 fallere
841 304 998 330 numen.

147 362 260 397 Haec
281 360 417 405 omnis,
439 372 554 408 quam
576 359 711 404 cernis,
734 359 845 406 inops
866 357 1140 404 inhumataque
1162 357 1272 392 turba
1293 363 1375 401 est,-

145 426 305 474 portitor
325 425 384 461 ille
407 425 561 461 Charon
577 437 587 471 ,·
619 423 669 468 hi,
691 435 787 470 quos
809 422 912 458 vehit
932 421 1048 467 unda,
1070 421 1219 469 sepulti.

146 491 231 526 Nec
251 490 350 537 ripas
372 488 483 525 (latur
503 487 713 525 horrendas
734 494 772 524 et
793 498 908 523 rauca
928 486 1071 523 fluenta

143 561 398 603 transportare
420 554 522 602 prius
556 565 671 601 quam
693 552 849 589 sedibus
870 563 956 588 ossa
976 551 1164 599 quierunt.

145 620 312 657 Centum
336 625 460 655 errant
480 630 601 655 annos
623 618 858 664 volitantque
880 616 977 652 haec
997 616 1106 652 litora
1127 616 1273 652 circum
1288 629 1299 662 ;

142 692 224 723 tum
246 685 404 722 demum
425 684 581 721 admissi
603 690 738 732 stagna
758 689 939 730 exoptata
959 682 1151 718 revisunt.’

144 751 326 788 Constitit
345 750 514 786 Anchisa
535 756 638 785 satus
661 755 698 784 et
719 747 877 795 vestigia
897 746 1044 795 pressit,

144 816 262 852 multa
282 822 431 863 putans,
454 821 675 861 sortemque
698 813 827 849 animo
852 813 1050 848 miseratus
1071 811 1255 860 iniquam.

144 881 277 918 Cernit
298 880 348 917 ibi
369 887 535 916 maestos
557 886 594 915 et
614 878 746 915 mortis
769 877 915 914 honore
938 882 1110 913 carentes

145 945 375 993 Leucaspim
397 952 434 981 et
456 944 596 993 Lyciae
618 943 821 980 ductorem
845 942 972 978 classis
994 942 1181 986 Oronten,

144 1022 254 1058 quos,
276 1010 386 1046 simul
406 1010 455 1046 ab
476 1009 593 1045 Troia
613 1016 774 1044 ventosa
794 1020 862 1056 per
882 1019 1049 1054 aequora
1070 1013 1214 1052 vectos,

145 1075 270 1112 obruit
291 1076 438 1120 Auster,
460 1086 559 1122 aqua
581 1074 778 1110 involvens
801 1083 1016 1119 navemque
1038 1072 1227 1119 virosque.

200 1140 304 1176 Ecce
327 1140 557 1187 gubernator
577 1150 660 1175 sese
686 1138 881 1174 Palinurus
903 1137 1052 1185 agebat,

146 1205 209 1252 qui
232 1205 376 1251 Libyco
399 1216 520 1251 nuper
541 1216 665 1248 cursu,
688 1202 781 1239 dum
805 1202 929 1239 sidera
949 1207 1084 1246 servat,

147 1268 339 1305 exciderat
362 1269 481 1316 puppi
503 1268 640 1305 mediis
662 1268 801 1304 effusus
825 1267 862 1303 in
884 1267 1009 1304 undis.

148 1335 266 1370 Hunc
288 1334 351 1370 ubi
372 1334 433 1369 vix
454 1334 572 1369 multa
593 1340 780 1369 maestum
802 1332 984 1380 cognovit
1004 1332 1042 1368 in
1063 1332 1207 1377 umbra,

146 1399 198 1435 sic
221 1399 322 1446 prior
343 1398 582 1446 adloquitur:
617 1400 625 1416 ‘
640 1398 736 1445 Quis
758 1404 807 1442 te,
832 1397 1018 1441 Palinure,
1041 1396 1203 1433 deorum

146 1464 282 1511 eripuit
302 1464 424 1509 nobis,
446 1462 654 1510 medioque
676 1463 746 1499 sub
768 1474 935 1510 aequore
958 1462 1113 1498 mersit?

148 1529 220 1565 Dic
241 1540 324 1577 age.
385 1529 564 1576 Namque
587 1527 690 1572 mihi,
714 1528 823 1563 fallax
845 1527 948 1563 haud
971 1534 1059 1563 ante
1081 1533 1264 1574 repertus,

146 1594 220 1631 hoc
242 1606 319 1631 uno
339 1606 526 1642 responso
547 1594 718 1630 animum
741 1593 879 1629 delusit
902 1593 1053 1641 Apollo,

148 1659 209 1707 qui
230 1660 309 1695 fore
331 1666 367 1695 te
388 1666 509 1707 ponto
532 1659 779 1703 incolumem,
803 1658 975 1706 finesque
998 1658 1162 1694 canebat

149 1731 346 1761 venturum
368 1724 570 1760 Ausonios.
631 1724 690 1760 En
714 1724 809 1759 haec
832 1724 1019 1771 promissa
1042 1723 1137 1759 fides
1159 1723 1268 1760 est?’

148 1789 214 1825 Ille
235 1796 387 1825 autem:
422 1792 429 1806 ‘
449 1789 587 1836 Neque
609 1795 646 1825 te
670 1789 814 1825 Phoebi
838 1789 987 1824 cortina
1009 1788 1148 1831 fefellit,

147 1854 224 1891 dux
246 1854 491 1899 Anchisiade,
514 1866 586 1890 nec
607 1866 669 1890 me
691 1853 786 1890 deus
810 1866 977 1902 aequore
1000 1853 1139 1889 mersit.

149 1920 328 1967 Namque
349 1919 623 1967 gubernaclum
646 1919 764 1955 multa
785 1919 819 1954 vi
843 1919 935 1955 forte
958 1918 1160 1963 revolsum‚

148 1984 208 2019 cui
230 1983 340 2020 datus
362 1984 568 2020 haerebam
590 1990 719 2020 custos
742 1996 952 2031 cursusque
975 1983 1169 2031 regebam,

148 2049 403 2096 praecipitans
424 2049 517 2085 traxi
538 2061 705 2085 mecum.
766 2049 888 2085 Maria
908 2060 1041 2096 aspera
1063 2049 1152 2084 Iuro

149 2125 226 2149 non
247 2113 363 2149 ullum
385 2125 453 2161 pro
475 2126 536 2150 me
558 2121 705 2150 tantum
727 2114 875 2161 cepisse
898 2113 1088 2158 timorem,

150 2190 264 2225 quam
286 2184 349 2214 tua
370 2190 429 2222 ne,
452 2179 613 2226 spoliata
634 2179 758 2223 armis,
782 2190 942 2214 excussa
962 2177 1154 2225 magistro,

151 2241 333 2278 deficeret
354 2243 466 2279 tantis
488 2243 592 2279 navis
614 2243 854 2290 surgentibus
877 2241 1002 2278 undis.

151 2306 233 2342 'l‘ris
256 2307 379 2343 Notus
401 2307 578 2344 hibernas
599 2307 787 2343 immensa
807 2319 875 2354 per
895 2318 1063 2354 aequora
1083 2312 1218 2342 noctes

153 2371 252 2407 vexit
274 2384 334 2407 me
356 2371 544 2408 violentus
565 2383 688 2419 aqua3
720 2371 781 2407 vix
801 2371 944 2407 lumine
965 2377 1099 2418 quarto

154 2436 329 2483 prospexi
352 2436 502 2472 Italiam
523 2448 673 2472 summa
692 2435 862 2472 sublimis
884 2435 931 2471 ab
952 2434 1068 2472 unda.

157 2498 339 2536 Paulatim
361 2499 553 2536 adnabam
574 2506 693 2536 terrae
711 2513 721 2546 3
751 2499 827 2536 iam
849 2506 928 2536 tuta
949 2499 1140 2545 tenebam,

1463 169 1535 220 165

1487 362 1541 390 325

1488 687 1544 716 330

1488 1013 1543 1041 335

1489 1337 1545 1366 340

1489 1665 1544 1692 345

1491 1988 1547 2016 350

1492 2312 1545 2340 355
