<?xml version="1.0" encoding="UTF-8"?>
<!DOCTYPE html PUBLIC "-//W3C//DTD XHTML 1.0 Transitional//EN"
    "http://www.w3.org/TR/xhtml1/DTD/xhtml1-transitional.dtd">
<html xmlns="http://www.w3.org/1999/xhtml" xml:lang="en" lang="en">
 <head>
  <title>
</title>
<meta http-equiv="Content-Type" content="text/html;charset=utf-8" />
  <meta name='ocr-system' content='tesseract 3.04.00' />
  <meta name='ocr-capabilities' content='ocr_page ocr_carea ocr_par ocr_line ocrx_word'/>
</head>
<body>
  <div class='ocr_page' id='page_1' title='image "./bucolicaaeneisge00virguoft_0186.png"; bbox 0 0 1690 2734; ppageno 0'>
   <div class='ocr_carea' id='block_1_1' title="bbox 143 159 947 228">
    <p class='ocr_par' dir='ltr' id='par_1_1' title="bbox 143 159 947 228">
     <span class='ocr_line' id='line_1_1' title="bbox 143 159 947 228; baseline 0.001 -12"><span class='ocrx_word' id='word_1_1' title='bbox 143 177 219 227; x_wconf 85' lang='lat'>148</span> <span class='ocrx_word' id='word_1_2' title='bbox 720 187 759 216; x_wconf 86' lang='lat' dir='ltr'>v.</span> <span class='ocrx_word' id='word_1_3' title='bbox 799 159 947 228; x_wconf 70' lang='lat' dir='ltr'>Sicily.</span> 
     </span>
    </p>
   </div>
   <div class='ocr_carea' id='block_1_2' title="bbox 135 298 1125 412">
    <p class='ocr_par' dir='ltr' id='par_1_2' title="bbox 135 298 1125 412">
     <span class='ocr_line' id='line_1_2' title="bbox 136 298 1103 337; baseline 0.001 -2"><span class='ocrx_word' id='word_1_4' title='bbox 136 298 345 335; x_wconf 88' lang='lat' dir='ltr'>coniciunt.</span> <span class='ocrx_word' id='word_1_5' title='bbox 405 298 510 336; x_wconf 90' lang='lat' dir='ltr'>Furit</span> <span class='ocrx_word' id='word_1_6' title='bbox 530 298 707 335; x_wconf 82' lang='lat' dir='ltr'>immissis</span> <span class='ocrx_word' id='word_1_7' title='bbox 727 298 922 335; x_wconf 80' lang='lat' dir='ltr'>Volcanus</span> <span class='ocrx_word' id='word_1_8' title='bbox 943 299 1103 337; x_wconf 77' lang='lat' dir='ltr'>habenis</span> 
     </span>
     <span class='ocr_line' id='line_1_3' title="bbox 135 363 1125 412; baseline 0.001 -12"><span class='ocrx_word' id='word_1_9' title='bbox 135 370 295 401; x_wconf 87' lang='lat' dir='ltr'>transtra</span> <span class='ocrx_word' id='word_1_10' title='bbox 315 375 383 412; x_wconf 93' lang='lat' dir='ltr'>per</span> <span class='ocrx_word' id='word_1_11' title='bbox 404 370 441 400; x_wconf 89' lang='lat' dir='ltr'>et</span> <span class='ocrx_word' id='word_1_12' title='bbox 461 375 588 400; x_wconf 88' lang='lat' dir='ltr'>remos</span> <span class='ocrx_word' id='word_1_13' title='bbox 611 370 649 399; x_wconf 88' lang='lat' dir='ltr'>et</span> <span class='ocrx_word' id='word_1_14' title='bbox 670 364 792 411; x_wconf 83' lang='lat' dir='ltr'>pictas</span> <span class='ocrx_word' id='word_1_15' title='bbox 814 363 940 400; x_wconf 87' lang='lat' dir='ltr'>abiete</span> <span class='ocrx_word' id='word_1_16' title='bbox 961 376 1125 412; x_wconf 78' lang='lat' dir='ltr'>puppes.</span> 
     </span>
    </p>
   </div>
   <div class='ocr_carea' id='block_1_3' title="bbox 190 428 1256 477">
    <p class='ocr_par' dir='ltr' id='par_1_3' title="bbox 190 428 1256 477">
     <span class='ocr_line' id='line_1_4' title="bbox 190 428 1256 477; baseline 0.002 -13"><span class='ocrx_word' id='word_1_17' title='bbox 190 429 356 465; x_wconf 81' lang='lat' dir='ltr'>Nuntius</span> <span class='ocrx_word' id='word_1_18' title='bbox 378 428 570 464; x_wconf 81' lang='lat' dir='ltr'>Anchisae</span> <span class='ocrx_word' id='word_1_19' title='bbox 592 428 642 464; x_wconf 81' lang='lat' dir='ltr'>ad</span> <span class='ocrx_word' id='word_1_20' title='bbox 663 428 851 464; x_wconf 86' lang='lat' dir='ltr'>tumulum</span> <span class='ocrx_word' id='word_1_21' title='bbox 873 441 1098 477; x_wconf 80' lang='lat' dir='ltr'>cuneosque</span> <span class='ocrx_word' id='word_1_22' title='bbox 1119 429 1256 466; x_wconf 82' lang='lat' dir='ltr'>theatri</span> 
     </span>
    </p>
   </div>
   <div class='ocr_carea' id='block_1_4' title="bbox 133 494 1150 802">
    <p class='ocr_par' dir='ltr' id='par_1_4' title="bbox 133 494 1134 737">
     <span class='ocr_line' id='line_1_5' title="bbox 134 494 978 542; baseline 0 -12"><span class='ocrx_word' id='word_1_23' title='bbox 134 494 310 531; x_wconf 86' lang='lat' dir='ltr'>incensas</span> <span class='ocrx_word' id='word_1_24' title='bbox 332 494 471 542; x_wconf 87' lang='lat' dir='ltr'>perfert</span> <span class='ocrx_word' id='word_1_25' title='bbox 491 505 606 530; x_wconf 88' lang='lat' dir='ltr'>naves</span> <span class='ocrx_word' id='word_1_26' title='bbox 630 494 826 538; x_wconf 84' lang='lat' dir='ltr'>Eumelus,</span> <span class='ocrx_word' id='word_1_27' title='bbox 849 501 886 530; x_wconf 91' lang='lat' dir='ltr'>et</span> <span class='ocrx_word' id='word_1_28' title='bbox 906 494 978 542; x_wconf 86' lang='lat' dir='ltr'>ipsi</span> 
     </span>
     <span class='ocr_line' id='line_1_6' title="bbox 133 559 1072 612; baseline 0 -17"><span class='ocrx_word' id='word_1_29' title='bbox 133 559 342 607; x_wconf 86' lang='lat' dir='ltr'>respiciunt</span> <span class='ocrx_word' id='word_1_30' title='bbox 364 566 483 594; x_wconf 85' lang='lat' dir='ltr'>atram</span> <span class='ocrx_word' id='word_1_31' title='bbox 504 559 541 595; x_wconf 90' lang='lat' dir='ltr'>in</span> <span class='ocrx_word' id='word_1_32' title='bbox 563 559 696 595; x_wconf 86' lang='lat' dir='ltr'>nimbo</span> <span class='ocrx_word' id='word_1_33' title='bbox 717 559 874 595; x_wconf 85' lang='lat' dir='ltr'>volitare</span> <span class='ocrx_word' id='word_1_34' title='bbox 896 559 1072 612; x_wconf 69' lang='lat' dir='ltr'>favillam.</span> 
     </span>
     <span class='ocr_line' id='line_1_7' title="bbox 136 624 1134 672; baseline 0.002 -13"><span class='ocrx_word' id='word_1_35' title='bbox 136 624 281 660; x_wconf 85' lang='lat' dir='ltr'>Primus</span> <span class='ocrx_word' id='word_1_36' title='bbox 303 630 339 659; x_wconf 89' lang='lat' dir='ltr'>et</span> <span class='ocrx_word' id='word_1_37' title='bbox 361 624 560 668; x_wconf 83' lang='lat' dir='ltr'>Ascanius,</span> <span class='ocrx_word' id='word_1_38' title='bbox 583 636 713 660; x_wconf 87' lang='lat' dir='ltr'>cursus</span> <span class='ocrx_word' id='word_1_39' title='bbox 736 630 776 660; x_wconf 90' lang='lat' dir='ltr'>ut</span> <span class='ocrx_word' id='word_1_40' title='bbox 797 624 916 660; x_wconf 84' lang='lat' dir='ltr'>laetus</span> <span class='ocrx_word' id='word_1_41' title='bbox 938 631 1134 672; x_wconf 88' lang='lat' dir='ltr'>equestres</span> 
     </span>
     <span class='ocr_line' id='line_1_8' title="bbox 133 688 946 737; baseline 0 -13"><span class='ocrx_word' id='word_1_42' title='bbox 133 688 314 734; x_wconf 87' lang='lat' dir='ltr'>ducebat,</span> <span class='ocrx_word' id='word_1_43' title='bbox 337 688 390 724; x_wconf 90' lang='lat' dir='ltr'>sic</span> <span class='ocrx_word' id='word_1_44' title='bbox 413 700 501 724; x_wconf 83' lang='lat' dir='ltr'>acer</span> <span class='ocrx_word' id='word_1_45' title='bbox 521 700 622 736; x_wconf 87' lang='lat' dir='ltr'>equo</span> <span class='ocrx_word' id='word_1_46' title='bbox 644 688 793 725; x_wconf 86' lang='lat' dir='ltr'>turbata</span> <span class='ocrx_word' id='word_1_47' title='bbox 813 689 946 737; x_wconf 89' lang='lat' dir='ltr'>petivit</span> 
     </span>
    </p>

    <p class='ocr_par' dir='ltr' id='par_1_5' title="bbox 134 753 1150 802">
     <span class='ocr_line' id='line_1_9' title="bbox 134 753 1150 802; baseline 0.001 -13"><span class='ocrx_word' id='word_1_48' title='bbox 134 760 268 799; x_wconf 85' lang='lat' dir='ltr'>castra,</span> <span class='ocrx_word' id='word_1_49' title='bbox 292 765 365 789; x_wconf 90' lang='lat' dir='ltr'>nec</span> <span class='ocrx_word' id='word_1_50' title='bbox 387 753 582 789; x_wconf 83' lang='lat' dir='ltr'>exanimes</span> <span class='ocrx_word' id='word_1_51' title='bbox 604 760 765 802; x_wconf 83' lang='lat' dir='ltr'>possunt</span> <span class='ocrx_word' id='word_1_52' title='bbox 786 754 950 790; x_wconf 86' lang='lat' dir='ltr'>retinere</span> <span class='ocrx_word' id='word_1_53' title='bbox 972 754 1150 802; x_wconf 83' lang='lat' dir='ltr'>magistri.</span> 
     </span>
    </p>
   </div>
   <div class='ocr_carea' id='block_1_5' title="bbox 134 818 1369 932">
    <p class='ocr_par' dir='ltr' id='par_1_6' title="bbox 134 818 1369 932">
     <span class='ocr_line' id='line_1_10' title="bbox 135 818 1369 867; baseline 0.002 -13"><span class='ocrx_word' id='word_1_54' title='bbox 135 822 142 836; x_wconf 85' lang='lat'>‘</span> <span class='ocrx_word' id='word_1_55' title='bbox 159 819 255 866; x_wconf 81' lang='lat' dir='ltr'>Quis</span> <span class='ocrx_word' id='word_1_56' title='bbox 276 818 378 854; x_wconf 91' lang='lat' dir='ltr'>furor</span> <span class='ocrx_word' id='word_1_57' title='bbox 398 819 466 854; x_wconf 87' lang='lat' dir='ltr'>iste</span> <span class='ocrx_word' id='word_1_58' title='bbox 489 820 639 855; x_wconf 86' lang='lat' dir='ltr'>novus?</span> <span class='ocrx_word' id='word_1_59' title='bbox 696 819 785 866; x_wconf 82' lang='lat' dir='ltr'>Quo</span> <span class='ocrx_word' id='word_1_60' title='bbox 806 831 922 864; x_wconf 88' lang='lat' dir='ltr'>nunc,</span> <span class='ocrx_word' id='word_1_61' title='bbox 946 831 1022 867; x_wconf 83' lang='lat' dir='ltr'>quo</span> <span class='ocrx_word' id='word_1_62' title='bbox 1043 819 1212 856; x_wconf 84' lang='lat' dir='ltr'>tenditis&#39;</span> <span class='ocrx_word' id='word_1_63' title='bbox 1236 819 1369 867; x_wconf 83' lang='lat' dir='ltr'>inquit,</span> 
     </span>
     <span class='ocr_line' id='line_1_11' title="bbox 134 883 1300 932; baseline 0.001 -13"><span class='ocrx_word' id='word_1_64' title='bbox 134 884 244 929; x_wconf 70' lang='lat' dir='ltr'>‘heu‚</span> <span class='ocrx_word' id='word_1_65' title='bbox 266 883 426 919; x_wconf 79' lang='lat' dir='ltr'>miserae</span> <span class='ocrx_word' id='word_1_66' title='bbox 449 884 580 920; x_wconf 86' lang='lat' dir='ltr'>cives?</span> <span class='ocrx_word' id='word_1_67' title='bbox 638 884 728 920; x_wconf 84' lang='lat' dir='ltr'>Non</span> <span class='ocrx_word' id='word_1_68' title='bbox 751 884 900 920; x_wconf 88' lang='lat' dir='ltr'>hostem</span> <span class='ocrx_word' id='word_1_69' title='bbox 923 884 1155 932; x_wconf 86' lang='lat' dir='ltr'>inimicaque</span> <span class='ocrx_word' id='word_1_70' title='bbox 1178 892 1300 921; x_wconf 78' lang='lat' dir='ltr'>castra</span> 
     </span>
    </p>
   </div>
   <div class='ocr_carea' id='block_1_6' title="bbox 132 949 1230 2499">
    <p class='ocr_par' dir='ltr' id='par_1_7' title="bbox 132 949 1230 2499">
     <span class='ocr_line' id='line_1_12' title="bbox 134 949 1114 997; baseline 0 -12"><span class='ocrx_word' id='word_1_71' title='bbox 134 950 327 997; x_wconf 74' lang='lat' dir='ltr'>Argivum,</span> <span class='ocrx_word' id='word_1_72' title='bbox 350 956 491 985; x_wconf 86' lang='lat' dir='ltr'>vestras</span> <span class='ocrx_word' id='word_1_73' title='bbox 514 961 602 997; x_wconf 83' lang='lat' dir='ltr'>spes</span> <span class='ocrx_word' id='word_1_74' title='bbox 623 949 738 985; x_wconf 84' lang='lat' dir='ltr'>uritis.</span> <span class='ocrx_word' id='word_1_75' title='bbox 798 950 872 995; x_wconf 83' lang='lat' dir='ltr'>En,</span> <span class='ocrx_word' id='word_1_76' title='bbox 895 962 968 997; x_wconf 83' lang='lat' dir='ltr'>ego</span> <span class='ocrx_word' id='word_1_77' title='bbox 989 957 1114 986; x_wconf 86' lang='lat' dir='ltr'>vester</span> 
     </span>
     <span class='ocr_line' id='line_1_13' title="bbox 133 1014 1213 1062; baseline 0.001 -12"><span class='ocrx_word' id='word_1_78' title='bbox 133 1014 320 1050; x_wconf 82' lang='lat' dir='ltr'>Ascanius</span> <span class='ocrx_word' id='word_1_79' title='bbox 340 1016 345 1050; x_wconf 75' lang='grc' dir='ltr'><strong>Ι</strong></span> <span class='ocrx_word' id='word_1_80' title='bbox 364 1015 370 1029; x_wconf 87' lang='grc'><strong><em>’</em></strong></span> <span class='ocrx_word' id='word_1_81' title='bbox 429 1014 591 1051; x_wconf 82' lang='lat' dir='ltr'>Galeam</span> <span class='ocrx_word' id='word_1_82' title='bbox 612 1020 700 1050; x_wconf 90' lang='lat' dir='ltr'>ante</span> <span class='ocrx_word' id='word_1_83' title='bbox 721 1014 842 1062; x_wconf 88' lang='lat' dir='ltr'>pedes</span> <span class='ocrx_word' id='word_1_84' title='bbox 864 1015 1026 1062; x_wconf 90' lang='lat' dir='ltr'>proiecit</span> <span class='ocrx_word' id='word_1_85' title='bbox 1047 1015 1213 1059; x_wconf 84' lang='lat' dir='ltr'>inanem,</span> 
     </span>
     <span class='ocr_line' id='line_1_14' title="bbox 133 1078 1002 1127; baseline 0 -12"><span class='ocrx_word' id='word_1_86' title='bbox 133 1091 208 1127; x_wconf 88' lang='lat' dir='ltr'>qua</span> <span class='ocrx_word' id='word_1_87' title='bbox 230 1079 321 1115; x_wconf 88' lang='lat' dir='ltr'>ludo</span> <span class='ocrx_word' id='word_1_88' title='bbox 344 1078 497 1115; x_wconf 87' lang='lat' dir='ltr'>indutus</span> <span class='ocrx_word' id='word_1_89' title='bbox 519 1079 606 1116; x_wconf 91' lang='lat' dir='ltr'>belli</span> <span class='ocrx_word' id='word_1_90' title='bbox 627 1079 829 1115; x_wconf 88' lang='lat' dir='ltr'>simulacra</span> <span class='ocrx_word' id='word_1_91' title='bbox 850 1080 1002 1125; x_wconf 76' lang='lat' dir='ltr'>ciebat3</span> 
     </span>
     <span class='ocr_line' id='line_1_15' title="bbox 134 1145 1174 1192; baseline 0.001 -12"><span class='ocrx_word' id='word_1_92' title='bbox 134 1145 323 1180; x_wconf 76' lang='lat' dir='ltr'>accelerat</span> <span class='ocrx_word' id='word_1_93' title='bbox 345 1145 455 1181; x_wconf 88' lang='lat' dir='ltr'>simul</span> <span class='ocrx_word' id='word_1_94' title='bbox 477 1146 640 1189; x_wconf 77' lang='lat' dir='ltr'>Aeneas,</span> <span class='ocrx_word' id='word_1_95' title='bbox 663 1145 773 1181; x_wconf 86' lang='lat' dir='ltr'>simul</span> <span class='ocrx_word' id='word_1_96' title='bbox 793 1145 949 1192; x_wconf 77' lang='lat' dir='ltr'>agmina</span> <span class='ocrx_word' id='word_1_97' title='bbox 969 1146 1174 1181; x_wconf 86' lang='lat' dir='ltr'>Teucrum.</span> 
     </span>
     <span class='ocr_line' id='line_1_16' title="bbox 133 1210 983 1258; baseline 0.001 -13"><span class='ocrx_word' id='word_1_98' title='bbox 133 1211 201 1246; x_wconf 88' lang='lat' dir='ltr'>Ast</span> <span class='ocrx_word' id='word_1_99' title='bbox 222 1210 304 1246; x_wconf 88' lang='lat' dir='ltr'>illae</span> <span class='ocrx_word' id='word_1_100' title='bbox 326 1210 475 1246; x_wconf 82' lang='lat' dir='ltr'>diversa</span> <span class='ocrx_word' id='word_1_101' title='bbox 497 1216 601 1246; x_wconf 87' lang='lat' dir='ltr'>metu</span> <span class='ocrx_word' id='word_1_102' title='bbox 624 1222 691 1258; x_wconf 86' lang='lat' dir='ltr'>per</span> <span class='ocrx_word' id='word_1_103' title='bbox 712 1210 820 1246; x_wconf 88' lang='lat' dir='ltr'>litora</span> <span class='ocrx_word' id='word_1_104' title='bbox 840 1210 983 1258; x_wconf 88' lang='lat' dir='ltr'>passim</span> 
     </span>
     <span class='ocr_line' id='line_1_17' title="bbox 135 1275 1104 1324; baseline 0 -13"><span class='ocrx_word' id='word_1_105' title='bbox 135 1276 348 1324; x_wconf 81' lang='lat' dir='ltr'>diffugiunt,</span> <span class='ocrx_word' id='word_1_106' title='bbox 372 1275 560 1323; x_wconf 84' lang='lat' dir='ltr'>silvasque</span> <span class='ocrx_word' id='word_1_107' title='bbox 582 1282 619 1311; x_wconf 90' lang='lat' dir='ltr'>et</span> <span class='ocrx_word' id='word_1_108' title='bbox 640 1276 762 1312; x_wconf 82' lang='lat' dir='ltr'>sicubi</span> <span class='ocrx_word' id='word_1_109' title='bbox 785 1288 958 1312; x_wconf 82' lang='lat' dir='ltr'>concava</span> <span class='ocrx_word' id='word_1_110' title='bbox 978 1276 1104 1312; x_wconf 85' lang='lat' dir='ltr'>furtim</span> 
     </span>
     <span class='ocr_line' id='line_1_18' title="bbox 135 1341 1102 1390; baseline -0.001 -12"><span class='ocrx_word' id='word_1_111' title='bbox 135 1354 224 1378; x_wconf 80' lang='lat' dir='ltr'>saxa</span> <span class='ocrx_word' id='word_1_112' title='bbox 244 1348 406 1390; x_wconf 76' lang='lat' dir='ltr'>petunt3</span> <span class='ocrx_word' id='word_1_113' title='bbox 438 1342 542 1390; x_wconf 84' lang='lat' dir='ltr'>piget</span> <span class='ocrx_word' id='word_1_114' title='bbox 563 1341 707 1389; x_wconf 83' lang='lat' dir='ltr'>incepti</span> <span class='ocrx_word' id='word_1_115' title='bbox 729 1341 913 1389; x_wconf 87' lang='lat' dir='ltr'>lucisque,</span> <span class='ocrx_word' id='word_1_116' title='bbox 936 1354 1102 1389; x_wconf 85' lang='lat' dir='ltr'>suosque</span> 
     </span>
     <span class='ocr_line' id='line_1_19' title="bbox 133 1407 1226 1455; baseline -0.002 -11"><span class='ocrx_word' id='word_1_117' title='bbox 133 1414 300 1444; x_wconf 84' lang='lat' dir='ltr'>mutatae</span> <span class='ocrx_word' id='word_1_118' title='bbox 322 1407 578 1455; x_wconf 80' lang='lat' dir='ltr'>adgnoscunt,</span> <span class='ocrx_word' id='word_1_119' title='bbox 600 1419 836 1454; x_wconf 78' lang='lat' dir='ltr'>excussaque</span> <span class='ocrx_word' id='word_1_120' title='bbox 858 1413 1016 1454; x_wconf 87' lang='lat' dir='ltr'>pectore</span> <span class='ocrx_word' id='word_1_121' title='bbox 1040 1407 1138 1442; x_wconf 90' lang='lat' dir='ltr'>Iuno</span> <span class='ocrx_word' id='word_1_122' title='bbox 1159 1413 1226 1442; x_wconf 88' lang='lat' dir='ltr'>est.</span> 
     </span>
     <span class='ocr_line' id='line_1_20' title="bbox 134 1471 1132 1519; baseline -0.003 -9"><span class='ocrx_word' id='word_1_123' title='bbox 134 1473 210 1511; x_wconf 86' lang='lat' dir='ltr'>Sed</span> <span class='ocrx_word' id='word_1_124' title='bbox 231 1486 309 1509; x_wconf 89' lang='lat' dir='ltr'>non</span> <span class='ocrx_word' id='word_1_125' title='bbox 333 1472 479 1509; x_wconf 89' lang='lat' dir='ltr'>idcirco</span> <span class='ocrx_word' id='word_1_126' title='bbox 501 1472 677 1508; x_wconf 83' lang='lat' dir='ltr'>fiammae</span> <span class='ocrx_word' id='word_1_127' title='bbox 700 1478 814 1519; x_wconf 86' lang='lat' dir='ltr'>atque</span> <span class='ocrx_word' id='word_1_128' title='bbox 836 1471 1016 1508; x_wconf 86' lang='lat' dir='ltr'>incendia</span> <span class='ocrx_word' id='word_1_129' title='bbox 1036 1471 1132 1507; x_wconf 85' lang='lat' dir='ltr'>vires</span> 
     </span>
     <span class='ocr_line' id='line_1_21' title="bbox 134 1537 1023 1587; baseline -0.002 -12"><span class='ocrx_word' id='word_1_130' title='bbox 134 1539 340 1575; x_wconf 87' lang='lat' dir='ltr'>indomitas</span> <span class='ocrx_word' id='word_1_131' title='bbox 364 1550 526 1587; x_wconf 84' lang='lat' dir='ltr'>posuere</span> <span class='ocrx_word' id='word_1_132' title='bbox 544 1552 552 1584; x_wconf 74' lang='lat'><em>3</em></span> <span class='ocrx_word' id='word_1_133' title='bbox 583 1537 661 1586; x_wconf 76' lang='lat' dir='ltr'>udo</span> <span class='ocrx_word' id='word_1_134' title='bbox 684 1537 754 1573; x_wconf 88' lang='lat' dir='ltr'>sub</span> <span class='ocrx_word' id='word_1_135' title='bbox 775 1537 912 1574; x_wconf 90' lang='lat' dir='ltr'>robore</span> <span class='ocrx_word' id='word_1_136' title='bbox 933 1537 1023 1573; x_wconf 84' lang='lat' dir='ltr'>vivit</span> 
     </span>
     <span class='ocr_line' id='line_1_22' title="bbox 133 1602 1196 1655; baseline -0.005 -13"><span class='ocrx_word' id='word_1_137' title='bbox 133 1613 272 1655; x_wconf 75' lang='lat' dir='ltr'>stuppa</span> <span class='ocrx_word' id='word_1_138' title='bbox 292 1616 452 1641; x_wconf 82' lang='lat' dir='ltr'>vomens</span> <span class='ocrx_word' id='word_1_139' title='bbox 473 1603 623 1639; x_wconf 83' lang='lat' dir='ltr'>tardum</span> <span class='ocrx_word' id='word_1_140' title='bbox 646 1603 804 1647; x_wconf 81' lang='lat' dir='ltr'>fumum7</span> <span class='ocrx_word' id='word_1_141' title='bbox 827 1603 1030 1650; x_wconf 87' lang='lat' dir='ltr'>lentusque</span> <span class='ocrx_word' id='word_1_142' title='bbox 1051 1602 1196 1637; x_wconf 83' lang='lat' dir='ltr'>carinas</span> 
     </span>
     <span class='ocr_line' id='line_1_23' title="bbox 135 1658 1065 1719; baseline -0.004 -12"><span class='ocrx_word' id='word_1_143' title='bbox 135 1678 191 1707; x_wconf 84' lang='lat' dir='ltr'>est</span> <span class='ocrx_word' id='word_1_144' title='bbox 208 1658 340 1719; x_wconf 42' lang='lat' dir='ltr'>impos,</span> <span class='ocrx_word' id='word_1_145' title='bbox 363 1677 399 1706; x_wconf 89' lang='lat' dir='ltr'>et</span> <span class='ocrx_word' id='word_1_146' title='bbox 421 1676 502 1706; x_wconf 88' lang='lat' dir='ltr'>toto</span> <span class='ocrx_word' id='word_1_147' title='bbox 525 1668 732 1705; x_wconf 84' lang='lat' dir='ltr'>descendit</span> <span class='ocrx_word' id='word_1_148' title='bbox 753 1680 914 1716; x_wconf 86' lang='lat' dir='ltr'>corpore</span> <span class='ocrx_word' id='word_1_149' title='bbox 936 1668 1065 1719; x_wconf 70' lang='lat' dir='ltr'>pestis,</span> 
     </span>
     <span class='ocr_line' id='line_1_24' title="bbox 135 1733 1099 1781; baseline -0.005 -8"><span class='ocrx_word' id='word_1_150' title='bbox 135 1750 206 1773; x_wconf 90' lang='lat' dir='ltr'>nec</span> <span class='ocrx_word' id='word_1_151' title='bbox 228 1737 324 1772; x_wconf 77' lang='lat' dir='ltr'>vires</span> <span class='ocrx_word' id='word_1_152' title='bbox 346 1736 506 1772; x_wconf 88' lang='lat' dir='ltr'>heroum</span> <span class='ocrx_word' id='word_1_153' title='bbox 529 1735 727 1781; x_wconf 81' lang='lat' dir='ltr'>infusaque</span> <span class='ocrx_word' id='word_1_154' title='bbox 750 1733 906 1769; x_wconf 82' lang='lat' dir='ltr'>flumina</span> <span class='ocrx_word' id='word_1_155' title='bbox 926 1739 1099 1781; x_wconf 87' lang='lat' dir='ltr'>prosunt.</span> 
     </span>
     <span class='ocr_line' id='line_1_25' title="bbox 185 1797 1184 1849; baseline -0.007 -9"><span class='ocrx_word' id='word_1_156' title='bbox 185 1804 284 1841; x_wconf 82' lang='lat' dir='ltr'>Tum</span> <span class='ocrx_word' id='word_1_157' title='bbox 318 1802 402 1849; x_wconf 81' lang='lat' dir='ltr'>pius</span> <span class='ocrx_word' id='word_1_158' title='bbox 433 1802 586 1836; x_wconf 74' lang='lat' dir='ltr'>Aeneas</span> <span class='ocrx_word' id='word_1_159' title='bbox 617 1800 756 1834; x_wconf 86' lang='lat' dir='ltr'>umeris</span> <span class='ocrx_word' id='word_1_160' title='bbox 778 1797 1004 1835; x_wconf 86' lang='lat' dir='ltr'>abscindere</span> <span class='ocrx_word' id='word_1_161' title='bbox 1026 1804 1184 1842; x_wconf 85' lang='lat' dir='ltr'>vestem,</span> 
     </span>
     <span class='ocr_line' id='line_1_26' title="bbox 134 1863 1068 1915; baseline -0.005 -12"><span class='ocrx_word' id='word_1_162' title='bbox 134 1868 350 1915; x_wconf 75' lang='lat' dir='ltr'>auxilioque</span> <span class='ocrx_word' id='word_1_163' title='bbox 371 1878 509 1903; x_wconf 87' lang='lat' dir='ltr'>vocare</span> <span class='ocrx_word' id='word_1_164' title='bbox 532 1865 638 1909; x_wconf 79' lang='lat' dir='ltr'>deos,</span> <span class='ocrx_word' id='word_1_165' title='bbox 662 1871 699 1900; x_wconf 91' lang='lat' dir='ltr'>et</span> <span class='ocrx_word' id='word_1_166' title='bbox 719 1863 879 1900; x_wconf 91' lang='lat' dir='ltr'>tendere</span> <span class='ocrx_word' id='word_1_167' title='bbox 900 1863 1044 1911; x_wconf 87' lang='lat' dir='ltr'>palmas</span> <span class='ocrx_word' id='word_1_168' title='bbox 1063 1877 1068 1898; x_wconf 90' lang='lat'>:</span> 
     </span>
     <span class='ocr_line' id='line_1_27' title="bbox 136 1927 1230 1981; baseline -0.005 -12"><span class='ocrx_word' id='word_1_169' title='bbox 136 1933 332 1981; x_wconf 84' lang='lat' dir='ltr'>‘Iuppiter</span> <span class='ocrx_word' id='word_1_170' title='bbox 353 1932 611 1980; x_wconf 85' lang='lat' dir='ltr'>omnipotens,</span> <span class='ocrx_word' id='word_1_171' title='bbox 635 1930 664 1966; x_wconf 82' lang='lat' dir='ltr'>si</span> <span class='ocrx_word' id='word_1_172' title='bbox 686 1928 861 1966; x_wconf 89' lang='lat' dir='ltr'>nondum</span> <span class='ocrx_word' id='word_1_173' title='bbox 883 1940 1020 1971; x_wconf 77' lang='lat' dir='ltr'>exosus</span> <span class='ocrx_word' id='word_1_174' title='bbox 1042 1927 1092 1964; x_wconf 81' lang='lat' dir='ltr'>ad</span> <span class='ocrx_word' id='word_1_175' title='bbox 1112 1940 1230 1964; x_wconf 89' lang='lat' dir='ltr'>unum</span> 
     </span>
     <span class='ocr_line' id='line_1_28' title="bbox 132 1994 990 2045; baseline -0.007 -10"><span class='ocrx_word' id='word_1_176' title='bbox 132 1998 332 2042; x_wconf 86' lang='lat' dir='ltr'>Troianos,</span> <span class='ocrx_word' id='word_1_177' title='bbox 356 1998 385 2033; x_wconf 87' lang='lat' dir='ltr'>si</span> <span class='ocrx_word' id='word_1_178' title='bbox 406 1996 499 2045; x_wconf 83' lang='lat' dir='ltr'>quid</span> <span class='ocrx_word' id='word_1_179' title='bbox 521 1997 641 2044; x_wconf 82' lang='lat' dir='ltr'>pietas</span> <span class='ocrx_word' id='word_1_180' title='bbox 664 1995 821 2042; x_wconf 79' lang='lat' dir='ltr'>antiqua</span> <span class='ocrx_word' id='word_1_181' title='bbox 841 1994 990 2030; x_wconf 86' lang='lat' dir='ltr'>labores</span> 
     </span>
     <span class='ocr_line' id='line_1_29' title="bbox 133 2049 1112 2111; baseline -0.005 -12"><span class='ocrx_word' id='word_1_182' title='bbox 133 2063 286 2111; x_wconf 89' lang='lat' dir='ltr'>respicit</span> <span class='ocrx_word' id='word_1_183' title='bbox 307 2049 508 2107; x_wconf 86' lang='lat' dir='ltr'>humanos,</span> <span class='ocrx_word' id='word_1_184' title='bbox 531 2061 580 2097; x_wconf 88' lang='lat' dir='ltr'>da</span> <span class='ocrx_word' id='word_1_185' title='bbox 601 2060 795 2096; x_wconf 85' lang='lat' dir='ltr'>flammam</span> <span class='ocrx_word' id='word_1_186' title='bbox 817 2058 980 2095; x_wconf 86' lang='lat' dir='ltr'>evadere</span> <span class='ocrx_word' id='word_1_187' title='bbox 1003 2058 1112 2094; x_wconf 88' lang='lat' dir='ltr'>classi</span> 
     </span>
     <span class='ocr_line' id='line_1_30' title="bbox 134 2123 1138 2173; baseline -0.005 -9"><span class='ocrx_word' id='word_1_188' title='bbox 134 2140 250 2173; x_wconf 78' lang='lat' dir='ltr'>nunc,</span> <span class='ocrx_word' id='word_1_189' title='bbox 274 2129 394 2172; x_wconf 78' lang='lat' dir='ltr'>Pater,</span> <span class='ocrx_word' id='word_1_190' title='bbox 417 2134 455 2163; x_wconf 93' lang='lat' dir='ltr'>et</span> <span class='ocrx_word' id='word_1_191' title='bbox 476 2134 610 2163; x_wconf 88' lang='lat' dir='ltr'>tenues</span> <span class='ocrx_word' id='word_1_192' title='bbox 630 2126 825 2162; x_wconf 88' lang='lat' dir='ltr'>Teucrum</span> <span class='ocrx_word' id='word_1_193' title='bbox 845 2136 904 2160; x_wconf 92' lang='lat' dir='ltr'>res</span> <span class='ocrx_word' id='word_1_194' title='bbox 926 2124 1029 2172; x_wconf 87' lang='lat' dir='ltr'>eripe</span> <span class='ocrx_word' id='word_1_195' title='bbox 1050 2123 1138 2160; x_wconf 89' lang='lat' dir='ltr'>leto.</span> 
     </span>
     <span class='ocr_line' id='line_1_31' title="bbox 132 2188 1083 2240; baseline -0.005 -11"><span class='ocrx_word' id='word_1_196' title='bbox 132 2193 205 2229; x_wconf 92' lang='lat' dir='ltr'>Vel</span> <span class='ocrx_word' id='word_1_197' title='bbox 225 2199 277 2238; x_wconf 83' lang='lat' dir='ltr'>tu,</span> <span class='ocrx_word' id='word_1_198' title='bbox 299 2192 406 2240; x_wconf 88' lang='lat' dir='ltr'>quod</span> <span class='ocrx_word' id='word_1_199' title='bbox 427 2198 601 2240; x_wconf 85' lang='lat' dir='ltr'>superest</span> <span class='ocrx_word' id='word_1_200' title='bbox 621 2191 759 2227; x_wconf 88' lang='lat' dir='ltr'>infesto</span> <span class='ocrx_word' id='word_1_201' title='bbox 780 2189 936 2226; x_wconf 89' lang='lat' dir='ltr'>fulmine</span> <span class='ocrx_word' id='word_1_202' title='bbox 958 2188 1083 2231; x_wconf 90' lang='lat' dir='ltr'>morti,</span> 
     </span>
     <span class='ocr_line' id='line_1_32' title="bbox 134 2253 1109 2304; baseline -0.005 -10"><span class='ocrx_word' id='word_1_203' title='bbox 134 2258 160 2294; x_wconf 90' lang='lat' dir='ltr'>si</span> <span class='ocrx_word' id='word_1_204' title='bbox 184 2270 345 2303; x_wconf 86' lang='lat' dir='ltr'>mereor,</span> <span class='ocrx_word' id='word_1_205' title='bbox 368 2256 541 2302; x_wconf 84' lang='lat' dir='ltr'>demitte,</span> <span class='ocrx_word' id='word_1_206' title='bbox 564 2263 704 2303; x_wconf 84' lang='lat' dir='ltr'>tuaque</span> <span class='ocrx_word' id='word_1_207' title='bbox 726 2255 787 2291; x_wconf 89' lang='lat' dir='ltr'>hic</span> <span class='ocrx_word' id='word_1_208' title='bbox 809 2254 928 2304; x_wconf 57' lang='lat' dir='ltr'>obrue</span> <span class='ocrx_word' id='word_1_209' title='bbox 950 2253 1109 2290; x_wconf 87' lang='lat' dir='ltr'>dextra.’</span> 
     </span>
     <span class='ocr_line' id='line_1_33' title="bbox 132 2319 1094 2373; baseline -0.005 -13"><span class='ocrx_word' id='word_1_210' title='bbox 132 2323 207 2359; x_wconf 86' lang='lat' dir='ltr'>Vix</span> <span class='ocrx_word' id='word_1_211' title='bbox 226 2322 322 2359; x_wconf 84' lang='lat' dir='ltr'>haec</span> <span class='ocrx_word' id='word_1_212' title='bbox 345 2321 529 2373; x_wconf 67' lang='lat' dir='ltr'>ediderat,</span> <span class='ocrx_word' id='word_1_213' title='bbox 552 2334 641 2357; x_wconf 90' lang='lat' dir='ltr'>cum</span> <span class='ocrx_word' id='word_1_214' title='bbox 663 2320 789 2357; x_wconf 86' lang='lat' dir='ltr'>effusis</span> <span class='ocrx_word' id='word_1_215' title='bbox 811 2319 995 2357; x_wconf 87' lang='lat' dir='ltr'>imbribus</span> <span class='ocrx_word' id='word_1_216' title='bbox 1016 2325 1094 2355; x_wconf 86' lang='lat' dir='ltr'>atra</span> 
     </span>
     <span class='ocr_line' id='line_1_34' title="bbox 133 2386 1184 2436; baseline -0.004 -12"><span class='ocrx_word' id='word_1_217' title='bbox 133 2394 342 2436; x_wconf 85' lang='lat' dir='ltr'>tempestas</span> <span class='ocrx_word' id='word_1_218' title='bbox 363 2387 443 2424; x_wconf 88' lang='lat' dir='ltr'>sine</span> <span class='ocrx_word' id='word_1_219' title='bbox 465 2399 571 2423; x_wconf 90' lang='lat' dir='ltr'>more</span> <span class='ocrx_word' id='word_1_220' title='bbox 593 2386 689 2431; x_wconf 87' lang='lat' dir='ltr'>furit,</span> <span class='ocrx_word' id='word_1_221' title='bbox 711 2386 930 2435; x_wconf 44' lang='lat' dir='ltr'>toniatruque</span> <span class='ocrx_word' id='word_1_222' title='bbox 950 2390 1184 2421; x_wconf 86' lang='lat' dir='ltr'>tremescunt</span> 
     </span>
     <span class='ocr_line' id='line_1_35' title="bbox 133 2450 1069 2499; baseline -0.005 -9"><span class='ocrx_word' id='word_1_223' title='bbox 133 2452 253 2490; x_wconf 85' lang='lat' dir='ltr'>ardua</span> <span class='ocrx_word' id='word_1_224' title='bbox 273 2459 456 2490; x_wconf 87' lang='lat' dir='ltr'>terrarum</span> <span class='ocrx_word' id='word_1_225' title='bbox 478 2458 514 2488; x_wconf 89' lang='lat' dir='ltr'>et</span> <span class='ocrx_word' id='word_1_226' title='bbox 535 2452 662 2499; x_wconf 85' lang='lat' dir='ltr'>campi</span> <span class='ocrx_word' id='word_1_227' title='bbox 680 2465 688 2497; x_wconf 76' lang='lat'><em>3</em></span> <span class='ocrx_word' id='word_1_228' title='bbox 720 2451 791 2487; x_wconf 86' lang='lat' dir='ltr'>ruit</span> <span class='ocrx_word' id='word_1_229' title='bbox 812 2450 965 2487; x_wconf 86' lang='lat' dir='ltr'>aethere</span> <span class='ocrx_word' id='word_1_230' title='bbox 987 2456 1069 2485; x_wconf 88' lang='lat' dir='ltr'>toto</span> 
     </span>
    </p>
   </div>
   <div class='ocr_carea' id='block_1_7' title="bbox 440 2534 1224 2571">
    <p class='ocr_par' dir='ltr' id='par_1_8' title="bbox 440 2534 1224 2571">
     <span class='ocr_line' id='line_1_36' title="bbox 440 2534 1224 2571; baseline -0.004 -6"><span class='ocrx_word' id='word_1_231' title='bbox 440 2538 633 2571; x_wconf 57' lang='lat' dir='ltr'>fib‘lstamma.</span> <span class='ocrx_word' id='word_1_232' title='bbox 659 2538 692 2565; x_wconf 76' lang='lat' dir='ltr'>R.</span> <span class='ocrx_word' id='word_1_233' title='bbox 983 2535 1023 2555; x_wconf 69' lang='grc' dir='ltr'>δεῖ</span> <span class='ocrx_word' id='word_1_234' title='bbox 1040 2535 1165 2563; x_wconf 74' lang='lat' dir='ltr'>exosu&#39;s.</span> <span class='ocrx_word' id='word_1_235' title='bbox 1188 2534 1224 2562; x_wconf 85' lang='lat' dir='ltr'>R.</span> 
     </span>
    </p>
   </div>
   <div class='ocr_carea' id='block_1_8' title="bbox 1366 184 1531 225">
    <p class='ocr_par' dir='ltr' id='par_1_9' title="bbox 1366 184 1531 225">
     <span class='ocr_line' id='line_1_37' title="bbox 1366 184 1531 225; baseline 0 -10"><span class='ocrx_word' id='word_1_236' title='bbox 1366 184 1531 225; x_wconf 81' lang='lat' dir='ltr'>[AENEm.</span> 
     </span>
    </p>
   </div>
   <div class='ocr_carea' id='block_1_9' title="bbox 1478 494 1532 530">
    <p class='ocr_par' dir='ltr' id='par_1_10' title="bbox 1478 494 1532 530">
     <span class='ocr_line' id='line_1_38' title="bbox 1478 494 1532 530; baseline 0 -9"><span class='ocrx_word' id='word_1_237' title='bbox 1478 494 1532 530; x_wconf 82' lang='lat'>665</span> 
     </span>
    </p>
   </div>
   <div class='ocr_carea' id='block_1_10' title="bbox 1478 835 1534 869">
    <p class='ocr_par' dir='ltr' id='par_1_11' title="bbox 1478 835 1534 869">
     <span class='ocr_line' id='line_1_39' title="bbox 1478 835 1534 869; baseline 0 -9"><span class='ocrx_word' id='word_1_238' title='bbox 1478 835 1534 869; x_wconf 82' lang='lat'>670</span> 
     </span>
    </p>
   </div>
   <div class='ocr_carea' id='block_1_11' title="bbox 1476 1470 1533 1497">
    <p class='ocr_par' dir='ltr' id='par_1_12' title="bbox 1476 1470 1533 1497">
     <span class='ocr_line' id='line_1_40' title="bbox 1476 1470 1533 1497; baseline 0 0"><span class='ocrx_word' id='word_1_239' title='bbox 1476 1470 1533 1497; x_wconf 90' lang='lat'>680</span> 
     </span>
    </p>
   </div>
   <div class='ocr_carea' id='block_1_12' title="bbox 1476 1795 1530 1830">
    <p class='ocr_par' dir='ltr' id='par_1_13' title="bbox 1476 1795 1530 1830">
     <span class='ocr_line' id='line_1_41' title="bbox 1476 1795 1530 1830; baseline 0 -8"><span class='ocrx_word' id='word_1_240' title='bbox 1476 1795 1530 1830; x_wconf 88' lang='lat'>685</span> 
     </span>
    </p>
   </div>
   <div class='ocr_carea' id='block_1_13' title="bbox 1473 2445 1529 2482">
    <p class='ocr_par' dir='ltr' id='par_1_14' title="bbox 1473 2445 1529 2482">
     <span class='ocr_line' id='line_1_42' title="bbox 1473 2445 1529 2482; baseline 0.018 -1"><span class='ocrx_word' id='word_1_241' title='bbox 1473 2445 1529 2482; x_wconf 84' lang='grc'>695</span> 
     </span>
    </p>
   </div>
  </div>
 </body>
</html>
