1690 2734
120 139 144 179 8
614 137 826 179 pastoral
851 139 1019 181 Poems.

117 261 173 298 D.
229 262 291 298 An
311 260 405 298 mihi
425 260 620 299 cantando
641 261 763 299 victus
785 274 863 299 non
883 262 1063 300 redderet
1082 263 1142 300 ille

118 337 235 374 quem
255 338 342 363 mea
362 326 594 364 carminibus
616 327 816 364 meruisset
835 327 960 364 fistula
979 329 1166 376 caprum?

117 391 155 429 Si
175 391 312 437 nescis,
334 403 442 428 meus
463 392 523 428 ille
544 403 660 439 caper
680 391 748 428 fuit
763 405 773 438 3
804 398 842 428 et
862 392 954 428 mihi
975 393 1130 429 Damon

117 456 199 505 ipse
219 456 421 502 fatebatur,
444 455 512 493 sed
532 456 696 506 reddere
718 468 832 504 posse
853 457 1029 505 negabat.

117 521 178 558 M.
237 520 443 559 Cantando
463 527 503 557 tu
524 521 642 566 illum,
666 528 730 557 aut
750 533 933 569 umquam
955 522 1022 559 tibi
1042 522 1167 558 fistula
1186 534 1274 559 cera

118 586 248 623 iuncta
268 586 364 623 fuit?
420 586 512 622 Non
533 592 572 622 tu
594 586 631 622 in
653 586 780 631 triviis,
803 585 972 632 indocte,
994 587 1143 623 solebas

118 651 291 688 stridenti
313 651 494 687 miserum
516 651 654 699 stipula
675 650 898 699 disperdere
920 653 1104 688 carmen?

117 716 173 753 D.
230 716 297 752 Vis
319 728 410 764 ergo
430 716 528 752 inter
547 728 618 753 nos
640 715 733 764 quid
754 717 874 763 possit
894 723 1052 764 uterque
1074 717 1238 754 vicissim

118 781 385 829 experiamur?
443 781 527 829 Ego
550 780 648 817 hanc
670 781 826 816 vitulam
842 793 952 817 —ne
974 782 1067 817 forte
1088 793 1254 827 recuses,

117 846 174 883 bis
195 846 297 882 venit
317 845 367 882 ad
389 845 602 891 mulctram,
624 846 735 882 binos
757 846 820 881 alit
842 846 958 882 ubere
980 846 1076 883 fetus
1091 868 1144 872 —

118 909 276 958 depono
294 925 300 946 :
332 916 373 946 tu
394 909 470 956 dic,
493 922 648 947 mecum
669 923 746 958 quo
769 910 927 958 pignore
949 917 1082 947 certes.

117 975 178 1012 M.
237 975 298 1011 De
319 987 433 1023 grege
455 987 533 1011 non
554 975 675 1011 ausim
698 975 907 1022 quicquam
929 974 1124 1023 deponere
1144 982 1286 1013 tecum.

119 1041 188 1077 Est
209 1040 302 1076 mihi
323 1052 491 1088 namque
514 1039 621 1076 domi
643 1046 760 1088 pater,
784 1047 840 1076 est
860 1039 996 1076 iniusta
1016 1052 1207 1087 noverca,-

118 1105 253 1152 bisque
275 1104 338 1141 die
360 1111 564 1141 numerant
584 1105 700 1141 ambo
721 1116 853 1152 pecus,
875 1105 968 1141 alter
988 1112 1025 1141 et
1045 1104 1202 1142 haedos.

118 1170 274 1215 Verum,
296 1169 336 1206 id
356 1169 464 1217 quod
485 1169 606 1206 multo
628 1176 707 1205 tute
725 1169 806 1217 ipse
828 1169 995 1206 fatebere
1017 1170 1151 1215 maius,

118 1234 281 1271 insanire
302 1234 395 1271 libet
415 1234 598 1282 quoniam
621 1234 699 1279 tibi,
721 1234 862 1282 pocula
881 1246 1025 1282 ponam

118 1299 256 1347 fagina,
279 1299 469 1336 caelatum
490 1299 607 1335 divini
629 1311 725 1347 opus
748 1299 1027 1336 Alcimedontis
1042 1313 1052 1346 ,-

119 1364 221 1401 lenta
241 1365 378 1412 quibus
399 1371 510 1401 torno
532 1364 631 1401 facili
652 1364 898 1412 superaddita
917 1364 1000 1401 vitis

120 1428 278 1466 diffusos
298 1428 441 1465 hedera
460 1429 571 1466 vestit
592 1429 758 1477 pallente
779 1429 983 1478 corymbos
1001 1443 1007 1466 :

119 1493 158 1530 in
178 1493 309 1530 medio
331 1493 409 1530 duo
431 1494 549 1542 signa,
572 1494 726 1539 Conon,
749 1500 850 1530 et—
864 1494 947 1542 quis
968 1494 1036 1530 fuit
1056 1493 1159 1539 alter,

120 1558 321 1607 descripsit
342 1558 450 1595 radio
471 1565 595 1595 totum
617 1559 680 1607 qui
701 1559 878 1607 gentibus
899 1559 1044 1604 orbem,

119 1629 295 1671 tempora
314 1635 412 1671 quae
435 1635 592 1668 messor,
614 1635 713 1671 quae
736 1636 871 1660 curvus
891 1630 1016 1660 arator
1035 1623 1218 1660 haberet?

121 1687 305 1725 Necdum
326 1688 396 1725 illis
417 1688 521 1726 labra
540 1688 707 1733 admovi,
731 1688 799 1725 sed
821 1687 978 1724 condita
994 1700 1114 1724 servo.

118 1753 174 1790 D.
234 1754 283 1790 Et
304 1754 415 1790 nobis
436 1752 540 1790 idem
561 1752 793 1790 Alcimedon
816 1753 894 1789 duo
915 1753 1055 1800 pocula
1074 1753 1175 1798 fecit,

120 1824 158 1855 et
178 1818 281 1855 molli
303 1818 448 1855 circum
471 1824 527 1855 est
547 1830 658 1855 ansas
679 1818 878 1866 amplexus
899 1818 1077 1863 acantho,

120 1883 356 1931 Orpheaque
377 1883 415 1919 in
437 1883 566 1920 medio
587 1883 714 1931 posuit
735 1883 921 1931 silvasque
943 1883 1150 1931 sequentis.

121 1947 305 1985 Necdum
326 1948 394 1984 illis
415 1948 519 1984 labra
539 1947 707 1993 admovi,
729 1947 798 1984 sed
819 1947 977 1984 condita
997 1959 1105 1985 servo
1122 1962 1128 1984 :

120 2013 149 2050 si
166 2012 215 2049 ad
235 2013 389 2049 vitulam
412 2019 577 2061 spectas,
595 2013 687 2049 nihil
708 2018 764 2049 est
785 2011 890 2060 quod
912 2012 1053 2060 pocula
1071 2011 1216 2049 laudes.

1366 145 1516 189 [Bucor.

1479 529 1514 557 25

1479 853 1516 882 30

1478 1175 1515 1206 35

1477 1500 1516 1529 40

1478 1822 1515 1853 45

120 2078 180 2114 M.
240 2078 450 2125 Nunquam
472 2076 588 2114 hodie
610 2077 766 2125 effugies
783 2090 792 2123 3
822 2077 985 2123 veniam,
1007 2088 1255 2125 quocumque
1275 2076 1421 2114 vocaris
1439 2090 1445 2112 :

121 2141 250 2178 audiat
272 2142 367 2178 haec
388 2148 536 2179 tantum
549 2164 602 2168 -
617 2141 676 2178 vel
697 2142 761 2190 qui
782 2141 885 2178 venit
906 2153 998 2178 ecce
1022 2141 1228 2178 Palaemon
1247 2155 1253 2178 :

121 2206 286 2242 efficiam
307 2207 470 2254 posthac
490 2218 538 2243 ne
560 2218 796 2254 quemquam
816 2218 913 2243 voce
933 2206 1109 2243 lacessas.

121 2271 176 2308 D.
217 2271 321 2318 Quin
342 2283 424 2319 age,
446 2271 476 2308 si
497 2270 589 2319 quid
610 2271 741 2316 habes,
763 2271 800 2307 in
822 2283 883 2307 me
905 2283 1012 2308 mora
1032 2283 1110 2307 non
1132 2271 1200 2307 erit
1219 2270 1305 2317 ulla,

121 2347 195 2372 nec
216 2347 452 2384 quemquam
473 2336 577 2384 fugio
595 2350 601 2372 :
632 2341 793 2381 tantum,
815 2336 939 2372 vicine
961 2336 1181 2382 Palaemon,

593 2470 621 2490 39
637 2470 729 2498 edera
746 2469 795 2505 (as
810 2468 952 2505 always).
981 2469 1018 2498 R.

1477 2145 1514 2176 50
