1690 2734
142 188 309 230 V1.428.]
459 180 654 222 Charon:
687 180 884 233 Pczssage
916 181 968 232 of
992 180 1061 219 tlte
1095 181 1216 232 Styx.

142 304 200 342 dis
221 317 455 354 quamquam
476 304 593 353 geniti
614 310 728 352 atque
750 303 880 340 invicti
901 303 1041 339 viribus
1063 309 1202 340 essent.

141 371 366 407 Tartareum
388 370 448 406 ille
471 382 587 406 manu
608 368 810 405 custodem
832 368 869 404 in
891 369 1015 404 vincla
1036 369 1179 416 petivit,

142 435 259 483 ipsius
279 448 301 471 a
321 435 416 472 solio
436 435 546 483 regis,
571 434 758 482 traxitque
780 440 1010 469 trementem
1027 447 1037 479 3

142 500 180 536 hi
201 499 400 536 dominam
422 500 520 536 Ditis
542 499 710 535 thalamo
732 498 926 535 deducere
948 497 1097 534 adorti.’

195 566 304 613 Quae
326 573 460 602 contra
480 565 642 602 breviter
661 565 736 601 sata
756 571 813 601 est
832 564 1062 612 Amphrysia
1082 573 1186 602 vates
1204 581 1210 603 :

142 633 150 649 ‘
167 631 303 667 Nullae
326 631 387 666 hic
409 631 568 667 insidiae
591 630 709 675 tales3
740 630 880 666 absiste
903 631 1071 677 moveri;

141 707 213 731 nec
235 695 310 731 vim
331 696 406 731 tela
425 696 574 740 serunt;
605 695 694 731 licet
716 695 850 742 ingens
872 695 1010 732 ianitor
1029 703 1138 733 antro

141 766 339 797 aeternum
360 760 498 797 latrans
520 760 720 807 exsanguis
742 766 877 796 terreat
898 762 1065 807 umbras,

140 833 246 862 casta
265 825 354 861 licet
374 825 496 873 patrui
517 832 640 861 servet
663 826 890 874 Proserpina
909 827 1037 864 limen.

140 891 276 927 'l‘ro'i'us
298 892 461 935 Aeneas,
484 890 626 938 pietate
649 890 805 938 insignis
827 899 863 928 et
885 893 1010 938 armis,

139 955 190 992 ad
209 955 424 1003 genitorem
446 956 540 992 imas
563 956 677 991 Erebi
702 955 907 994 descendit
927 957 976 994 ad
998 959 1161 994 umbras.

139 1023 177 1059 Si
197 1029 233 1058 te
255 1022 356 1058 nulla
376 1030 505 1058 movet
525 1029 653 1059 tantae
675 1023 825 1070 pietatis
848 1023 985 1071 imago,

139 1094 177 1123 at
196 1099 344 1123 ramum
366 1087 468 1123 hunc
486 1089 492 1102 ⁷
521 1088 662 1136 (aperit
686 1100 848 1133 ramum,
870 1089 934 1136 qui
955 1095 1059 1124 veste
1080 1089 1241 1134 latebat)

142 1152 401 1200 ‘adgnoscas.’
458 1152 625 1188 Tumida
648 1165 695 1189 ex
717 1153 770 1189 ira
791 1160 871 1189 tum
893 1153 1013 1189 corda
1034 1153 1216 1190 residunt.

142 1218 227 1254 Nec
248 1218 355 1266 plura
376 1218 445 1255 his.
509 1219 576 1254 Ille
601 1218 793 1255 admirans
815 1218 1030 1255 venerabile
1052 1218 1199 1254 donum

141 1284 260 1320 fatalis
282 1285 419 1332 virgae,
441 1285 557 1332 longo
581 1291 668 1332 post
690 1290 864 1332 tempore
885 1284 1020 1329 visum,

141 1349 355 1385 caeruleam
378 1348 540 1385 advertit
563 1350 738 1397 puppim,
760 1349 943 1396 ripaeque
965 1349 1209 1396 propinquat.

142 1414 240 1451 Inde
261 1415 351 1451 alias
372 1415 531 1459 animas,
555 1426 653 1462 quae
676 1426 744 1462 per
764 1414 852 1462 iuga
872 1414 987 1461 longa
1008 1413 1207 1457 sedebant,

142 1479 331 1525 deturbat,
355 1480 532 1528 laxatque
557 1479 658 1515 foros
675 1493 684 1525 3
715 1479 825 1515 simul
845 1479 985 1527 accipit
1005 1479 1113 1515 alveo

142 1545 336 1593 ingentem
358 1547 530 1581 Aenean.
591 1544 750 1582 Gemuit
770 1544 840 1580 sub
861 1544 1033 1592 pondere
1055 1544 1194 1592 cymba

85 1631 96 1636 „
141 1610 270 1661 sutilis,
293 1617 332 1647 et
351 1610 510 1647 multam
532 1609 684 1657 accepit
704 1609 848 1657 rimosa
865 1608 1059 1657 paludem.

140 1675 317 1711 Tandem
338 1682 441 1712 trans
463 1674 617 1711 fluvium
642 1675 844 1710 incolumis
865 1681 1068 1721 vatemque
1090 1674 1289 1721 virumque

142 1740 293 1777 informi
314 1740 406 1777 limo
427 1740 640 1788 glaucaque
663 1739 820 1787 exponit
842 1739 877 1774 in
902 1739 998 1775 ulva.

196 1805 384 1843 Cerberus
406 1805 502 1842 haec
523 1805 657 1853 ingens
678 1805 811 1841 latratu
832 1816 951 1852 regna
971 1803 1117 1840 trifauci

142 1877 336 1918 personat,
359 1869 521 1907 adverso
542 1871 734 1907 recubans
756 1869 933 1906 immanis
955 1869 992 1904 in
1012 1875 1132 1904 antro.

143 1935 215 1973 Cui
236 1942 353 1981 vates,
376 1935 528 1972 horrere
550 1935 684 1972 videns
707 1935 782 1971 iam
806 1934 904 1970 colla
924 1933 1102 1979 colubris,

144 2000 254 2037 melle
276 2007 494 2049 soporatam
516 2007 554 2037 et
574 2000 774 2037 medicatis
798 1999 966 2047 frugibus
989 1998 1104 2035 offam

144 2065 273 2102 obicit.
332 2065 400 2101 Ille
422 2065 521 2102 fame
542 2064 676 2102 rabida
698 2065 768 2101 tria
788 2071 940 2112 guttura
960 2062 1135 2112 pandens

144 2130 299 2178 corripit
319 2130 524 2176 obiectam,
546 2137 661 2178 atque
685 2130 867 2166 immania
888 2136 994 2177 terga
1013 2128 1166 2165 resolvit

144 2195 248 2232 fusus
269 2195 387 2241 humi,
409 2201 569 2243 totoque
591 2195 724 2244 ingens
747 2194 965 2231 extenditur
984 2200 1104 2230 antro.

146 2260 324 2308 Occupat
345 2261 496 2297 Aeneas
517 2259 664 2297 aditum
685 2259 848 2296 custode
870 2259 1032 2307 sepulto,

146 2324 351 2372 evaditque
372 2325 475 2361 celer
493 2325 614 2373 ripam
636 2325 893 2362 inremeabilis
915 2323 1054 2361 undae.

199 2390 394 2426 Continuo
416 2390 568 2427 auditae
588 2402 716 2436 voces,
739 2390 885 2438 vagitus
907 2396 944 2426 et
964 2389 1112 2437 ingens,

147 2453 409 2502 infantumque
430 2455 579 2491 animae
601 2454 738 2492 flentes
760 2456 796 2491 in
818 2455 947 2491 limine
969 2454 1105 2502 primo,

149 2529 245 2564 quos
266 2518 386 2555 dulcis
407 2519 506 2555 vitae
527 2526 697 2556 exsortes
719 2526 756 2556 et
777 2520 825 2556 ab
846 2519 962 2556 ubere
982 2526 1111 2567 raptos

1461 182 1536 232 167

1485 377 1538 404 395

1484 705 1541 731 400

1484 1030 1539 1058 405

1484 1355 1541 1383 410

1486 1681 1541 1709 415

1486 2008 1543 2034 420

1488 2332 1542 2359 425
