1690 2734
129 177 203 218 152
621 183 625 186 ·
710 181 747 209 v.
788 169 936 222 Sicily.

121 290 150 327 si
172 302 359 328 concessa
378 296 483 340 peto,
505 291 535 328 si
556 291 650 328 dant
671 304 716 328 ea
736 292 891 328 moenia
912 294 1080 330 Parcae.’

174 356 276 392 Tum
298 356 493 393 Saturnius
515 356 611 393 haec
633 356 802 393 domitor
821 358 933 394 maris
955 357 1076 394 edidit
1098 358 1161 394 alti
1179 373 1186 395 :

122 422 131 438 ‘
148 420 220 456 Fas
241 432 357 457 omne
378 427 447 466 est,
470 421 673 469 Cytherea,
696 422 790 458 meis
811 422 988 459 tefidere
1008 423 1146 471 regnis,

122 484 227 521 unde
248 497 369 533 genus
390 485 500 522 ducis
519 500 524 522 :
559 486 679 522 merui
703 499 884 535 quoque3
916 499 1031 535 saepe
1054 488 1198 524 furores

123 551 346 598 compressi,
369 557 406 586 et
427 551 572 587 rabiem
594 558 740 587 tantam
763 552 936 600 caelique
958 553 1161 600 marisque.

125 615 210 651 Nec
232 615 356 651 minor
376 615 414 651 in
435 615 552 659 terris,
574 616 771 652 Xanthum
795 617 1069 665 Simoentaque
1091 624 1221 664 testor,

123 680 278 716 Aeneae
301 679 393 716 mihi
414 692 507 717 cura
527 681 592 717 tui.
651 681 750 718 Cum
771 681 887 717 Troia
907 682 1074 719 Achilles

124 744 342 780 exanimata
362 756 527 792 sequens
550 745 778 801 impingeret
801 747 953 794 agmina
974 749 1102 793 muris,

125 809 227 845 milia
249 810 366 845 multa
387 809 493 846 daret
514 810 602 854 leto,
625 818 901 859 gemerentque
923 813 1057 860 repleti

125 885 269 919 amnes,
292 886 364 910 nec
385 875 549 922 reperire
572 875 671 911 viam
693 883 808 923 atque
830 877 1004 913 evolvere
1028 885 1158 925 posset

125 939 163 975 in
184 950 287 975 mare
310 950 349 975 se
371 939 559 985 Xanthus,
586 940 738 977 Pelidae
760 948 852 977 tunc
873 953 946 989 ego
968 942 1051 978 forti

125 1016 374 1052 congressum
397 1005 556 1041 Aenean
578 1017 651 1041 nec
673 1005 731 1041 dis
752 1018 826 1042 nec
847 1007 986 1043 viribus
1008 1008 1139 1055 aequis

124 1072 226 1108 nube
249 1084 343 1108 cava
362 1072 481 1120 rapui,
504 1084 688 1121 cuperem
710 1086 799 1110 cum
821 1081 965 1110 vertere
987 1075 1034 1111 ab
1056 1075 1134 1111 imo

125 1144 268 1174 structa
288 1137 383 1174 meis
405 1138 580 1174 manibus
603 1138 775 1186 periurae
798 1140 951 1175 moenia
971 1140 1123 1176 Troiae.

129 1203 243 1239 Nunc
265 1215 420 1251 quoque
443 1215 552 1240 mens
575 1203 714 1240 eadem
737 1211 877 1252 perstat
899 1204 992 1240 mihi
1010 1218 1015 1240 :
1048 1205 1146 1252 pelle
1168 1205 1336 1243 timores.

125 1269 259 1313 Tutus,
282 1281 379 1316 quos
401 1275 524 1316 optas,
547 1276 678 1316 portus
699 1268 863 1305 accedet
885 1269 1036 1305 Averni.

126 1335 236 1371 Unus
258 1333 327 1370 erit
346 1340 509 1379 tantum,
530 1334 712 1370 amissum
733 1346 850 1382 quem
871 1334 1017 1383 gurgite
1040 1346 1199 1382 quaeres
1216 1348 1225 1380 3

126 1412 246 1436 unum
268 1411 337 1447 pro
358 1399 485 1436 multis
508 1398 659 1436 dabitur
679 1400 822 1447 caput.'

182 1465 256 1501 His
277 1465 340 1501 ubi
361 1464 461 1501 laeta
480 1463 578 1501 deae
600 1465 798 1513 permulsit
819 1471 978 1513 pectora
999 1464 1124 1510 dictis,

127 1531 246 1579 iungit
268 1542 391 1578 equos
412 1542 504 1566 auro
527 1530 702 1575 Genitor,
725 1530 1021 1578 spumantiaque
1042 1529 1151 1566 addit

127 1596 236 1632 frena
258 1596 355 1641 feris,
378 1595 633 1643 manibusque
656 1607 790 1631 omnes
812 1594 973 1631 effundit
994 1594 1174 1631 habenas.

127 1661 316 1698 Caeruleo
337 1673 406 1709 per
426 1673 577 1697 summa
597 1660 688 1696 levis
708 1660 810 1696 volat
829 1672 998 1708 aequora
1019 1673 1127 1696 curru
1146 1672 1152 1695 :

128 1726 332 1763 subsidunt
352 1725 492 1772 undae,
516 1724 786 1773 tumidumque
808 1725 879 1762 sub
899 1736 968 1761 axe
990 1725 1136 1761 tonanti

128 1792 306 1828 sternitur
326 1803 471 1839 aequor
492 1791 599 1839 aquis
617 1805 625 1836 3
658 1790 806 1838 fugiunt
827 1796 933 1826 vasto
954 1789 1109 1826 aethere
1131 1789 1263 1826 nimbi.

128 1857 228 1893 Tum
251 1857 375 1893 variae
397 1856 584 1892 comitum
606 1855 736 1901 facies,
759 1855 943 1891 immania
963 1862 1060 1899 cete,
1086 1868 1087 1871 ¹
1107 1902 1111 1907 ἱ

129 1929 166 1958 et
187 1923 314 1958 senior
335 1921 473 1959 Glauci
495 1921 645 1965 chorus,
672 1922 867 1968 Inousque
891 1911 1109 1964 Palae-mon,

128 1984 384 2035 Tritonesque
406 1987 482 2031 citi,
506 1985 722 2033 Phorcique
745 1986 934 2022 exercitus
955 1985 1080 2021 omnis
1098 1998 1106 2030 3

128 2053 235 2088 laeva
255 2058 389 2088 tenent
409 2051 554 2095 Thetis,
577 2058 614 2087 et
636 2051 782 2095 Melite,
807 2052 1067 2098 Panopeaque
1088 2050 1206 2098 virgo,

131 2116 284 2161 Nisaee,
307 2116 488 2164 Spioque,
510 2115 735 2163 Thaliaque,
759 2114 1080 2163 Cymodoceque.

185 2181 263 2217 Hic
286 2181 402 2229 patris
424 2182 579 2217 Aeneae
601 2192 827 2228 suspensam
849 2179 991 2216 blanda
1010 2179 1175 2216 vicissim

130 2245 270 2295 gaudia
290 2252 551 2294 pertemptant
572 2252 767 2281 mentem:
800 2244 905 2281 iubet
926 2244 1033 2281 ocius
1055 2256 1190 2281 omnes

130 2311 249 2347 attolli
271 2311 404 2355 malos,
426 2310 574 2347 intendi
596 2309 752 2347 brachia
774 2310 875 2346 velis.

132 2376 220 2413 Una
241 2387 377 2412 omnes
399 2375 524 2412 fecere
547 2375 703 2423 pedem.
725 2375 944 2422 pariterque
966 2373 1147 2419 sinistros,

131 2452 234 2477 nunc
255 2440 411 2477 dextros
432 2440 576 2476 solvere
598 2440 701 2475 sinus
719 2452 726 2484 3
759 2451 835 2475 una
855 2438 974 2476 ardua
994 2444 1174 2487 torquent

398 2526 441 2547 812
455 2527 605 2554 timorem.
630 2526 669 2553 H.
953 2524 993 2544 814
1009 2527 1143 2561 quaeret.
1167 2524 1255 2561 Vulg.

1359 176 1519 219 [AENEm.

1463 425 1520 452 800

1468 749 1520 783 8c3

1470 1076 1524 1102 810

1471 1400 1524 1435 815

1473 1725 1527 1751 820

1474 2049 1523 2081 82⁷³
1565 2047 1570 2050 '

1476 2372 1530 2408 830
