1690 2734
171 167 237 198 111.
256 167 346 209 596]
622 159 708 198 lee
733 157 862 200 Coast
893 160 946 211 of
972 158 1120 211 Sicily.

171 285 319 321 laevam
339 290 481 321 cuncta
501 282 640 319 cohors
661 282 774 318 remis
795 282 996 330 ventisque
1018 282 1163 330 petivit.

171 349 357 386 Tollimur
377 349 415 385 in
436 348 588 384 caelum
609 353 767 384 curvato
789 347 949 395 gurgite,
972 353 1010 383 et
1031 346 1135 384 idem

171 414 362 451 subducta
381 413 431 450 ad
454 412 582 456 Manis
603 413 700 449 imos
721 411 944 449 desedimus
966 411 1082 449 unda.

171 480 248 516 Ter
267 478 416 527 scopuli
437 478 647 514 clamorem
667 478 766 514 inter
786 490 880 514 cava
900 490 991 514 saxa
1012 477 1157 515 dedere
1175 493 1181 514 :

171 551 229 581 ter
249 556 425 592 spumam
447 543 576 593 elisam
599 549 637 580 et
656 543 823 580 rorantia
843 542 1009 579 vidimus
1031 550 1141 580 astra.

174 610 326 645 Interea
346 609 465 645 fessos
485 615 621 645 ventus
642 621 732 645 cum
754 608 833 645 sole
854 608 1018 656 reliquit,

172 674 367 722 ignarique
388 674 471 710 viae
493 673 711 722 Cyclopum
733 673 948 710 adlabimur
970 674 1058 710 oris.

228 741 362 776 Portus
383 740 431 776 ab
451 751 610 775 accessu
631 746 833 775 ventorum
856 739 1040 776 immotus
1062 735 1105 775 et'
1121 739 1256 788 ingens

173 805 254 852 ipse
272 819 280 851 3
312 804 381 840 sed
402 804 586 841 horrificis
608 805 712 840 iuxta
732 810 839 840 tonat
861 806 986 840 Aetna
1006 805 1122 840 ruinis
1139 818 1148 851 3

174 869 443 917 interdumque
464 876 585 905 atram
606 869 821 917 prorumpit
842 868 892 905 ad
912 869 1068 905 aethera
1088 870 1246 915 nubem,

172 935 322 971 turbine
344 935 556 970 fumantem
577 934 691 982 piceo
712 940 750 970 et
771 933 964 970 candente
986 934 1125 980 favilla,

173 999 385 1047 attollitque
406 999 540 1047 globos
563 998 803 1035 flammarum
824 1005 862 1034 et
883 998 1009 1035 sidera
1029 999 1162 1036 lambit
1178 1013 1188 1046 3

174 1064 366 1100 interdum
388 1064 567 1112 scopulos
589 1064 794 1112 avolsaque
815 1064 963 1100 viscera
983 1065 1125 1101 montis

175 1129 282 1177 erigit
303 1136 491 1173 eructans,
513 1129 796 1177 liquefactaque
819 1141 910 1165 saxa
930 1129 1000 1166 sub
1021 1142 1131 1166 auras

175 1207 265 1230 cum
285 1194 430 1242 gemitu
451 1194 648 1242 glomerat,
671 1193 870 1242 fundoque
893 1201 1091 1231 exaestuat
1111 1195 1202 1232 imo.

179 1259 297 1295 Fama
320 1266 377 1294 est
398 1258 587 1295 Enceladi
608 1258 836 1295 semiustum
859 1259 1018 1295 fulmine
1041 1272 1182 1308 corpus

175 1323 325 1372 urgueri
347 1323 447 1359 mole
472 1323 556 1368 hac,
578 1323 854 1371 ingentemque
876 1324 1034 1372 insuper
1055 1326 1220 1362 Aetnam

176 1389 395 1436 impositam
415 1388 534 1436 ruptis
555 1387 750 1424 flammam
772 1389 964 1436 exspirare
987 1390 1148 1427 caminis
1165 1405 1174 1437 3

176 1459 214 1489 et
233 1453 374 1489 sessum
396 1453 573 1501 quotiens
594 1460 716 1489 mutet
737 1454 846 1500 latus,
870 1454 1074 1491 intremere
1096 1467 1253 1492 omnem

177 1530 367 1554 murmure
388 1519 638 1563 Trinacriam,
662 1525 700 1554 et
720 1518 874 1555 caelum
897 1519 1099 1556 subtexere
1121 1520 1240 1556 fumo.

178 1583 347 1619 Noctem
368 1583 469 1619 illam
489 1583 581 1619 tecti
602 1584 702 1619 silvis
724 1583 907 1620 immania
929 1592 1102 1621 monstra

176 1649 414 1696 perferimus,
436 1660 510 1684 nec
532 1661 631 1697 quae
652 1649 819 1685 sonitum
843 1648 909 1685 det
933 1661 1050 1685 causa
1069 1650 1257 1687 videmus.

179 1714 281 1749 Nam
302 1725 428 1761 neque
452 1720 559 1750 erant
579 1720 767 1750 astrorum
790 1714 908 1762 ignes,
933 1727 1006 1750 nec
1030 1714 1183 1752 lucidus
1205 1716 1337 1752 aethra

178 1777 329 1814 siderea
348 1778 472 1826 polusy
494 1779 661 1815 obscuro
683 1778 753 1815 sed
775 1779 906 1816 nubila
929 1780 1050 1825 caelo,

179 1850 216 1879 et
237 1843 367 1879 lunam
388 1843 426 1879 in
447 1843 582 1880 nimbo
604 1856 682 1880 nox
704 1844 936 1891 intempesta
959 1845 1127 1881 tenebat.

235 1911 391 1946 Postera
412 1910 564 1957 iamque
587 1909 669 1946 dies
692 1910 816 1957 primo
839 1910 1019 1958 surgebat
1042 1910 1139 1955 Eoo,

180 1982 456 2023 umentemque
479 1976 626 2011 Aurora
647 1975 739 2022 polo
763 1974 976 2011 dimoverat
998 1974 1173 2011 umbram
1191 1989 1198 2011 :

181 2053 270 2077 cum
291 2041 416 2077 subito
439 2053 458 2076 e
480 2041 592 2086 silvis,
615 2041 738 2076 macie
764 2040 943 2076 confecta
965 2052 1155 2088 suprema,

182 2106 299 2154 ignoti
320 2118 420 2141 nova
439 2106 561 2142 forma
581 2106 647 2142 viri
669 2105 965 2154 miserandaque
989 2106 1092 2142 cultu

182 2170 369 2219 procedit,
393 2171 630 2219 supplexque
654 2184 789 2208 manus
810 2171 859 2207 ad
881 2171 991 2208 litora
1013 2171 1149 2208 tendit.

183 2237 429 2284 Respicimus
447 2251 453 2273 ε
486 2235 568 2273 dira
588 2236 745 2273 inluvies
767 2236 1004 2284 inmissaque
1028 2236 1157 2281 barba,

183 2308 402 2338 consertum
423 2308 606 2349 tegumen
626 2301 744 2349 spinis
762 2315 770 2347 ;
801 2307 839 2337 at
860 2307 989 2337 cetera
1011 2302 1160 2345 Graius,

189 2363 247 2415 [et
268 2365 466 2413 quondam
489 2366 618 2413 patriis
639 2365 688 2402 ad
709 2366 865 2402 Troiam
887 2366 1023 2402 missus
1045 2366 1081 2402 in
1104 2364 1254 2415 armis]

186 2430 301 2477 Isque
322 2430 386 2466 ubi
409 2429 626 2467 Dardanios
647 2430 798 2467 habitus
820 2437 857 2467 et
877 2431 993 2467 Troia
1012 2429 1106 2467 vidit

733 2515 777 2535 578
803 2519 974 2544 semustam.
999 2516 1034 2543 R.

1492 173 1565 202 101

1518 413 1573 450 565

1519 745 1577 774 570

1522 1071 1578 1100 575

1523 1390 1580 1426 580

1526 2047 1583 2075 590

1528 2370 1584 2400 595
