1690 2734
146 163 201 212 48
513 174 536 201 1.
581 161 620 200 T
617 161 668 201 sce
695 161 910 214 Landz‘ng
940 161 986 201 in
1017 162 1188 215 Africa.

146 285 266 322 vitalis
287 285 423 334 carpis,
446 285 603 334 Tyriam
624 285 689 333 qui
713 284 913 321 adveneris
934 285 1080 322 urbem.

149 351 267 398 Perge
288 349 421 396 modo,
443 356 559 398 atque
583 349 672 386 hinc
694 356 730 386 te
752 349 907 398 reginae
927 349 977 386 ad
997 350 1129 387 limina
1148 351 1285 400 perfer.

148 415 326 463 Namque
347 415 415 452 tibi
434 414 599 451 reduces
623 413 750 450 socios
772 414 1012 463 classemque
1032 415 1191 452 relatam

145 480 292 526 nuntio,
314 487 353 517 et
372 480 410 516 in
431 486 555 516 tutum
577 479 693 515 versis
717 479 959 527 aquilonibus
981 486 1118 526 actam,

145 545 184 582 ni
204 546 337 582 frustra
358 545 558 593 augurium
580 544 667 581 vani
689 543 859 581 docuere
880 551 1071 593 parentes.

145 610 285 658 Aspice
306 610 364 647 bis
385 622 499 647 senos
519 610 694 647 laetantis
716 610 868 658 agmine
890 622 1047 659 cycnos,

144 675 313 711 aetheria
334 687 430 722 quos
451 675 557 723 lapsa
577 675 689 723 plaga
712 675 813 712 Iovis
836 675 912 712 ales
933 681 1066 724 aperto

145 739 322 776 turbabat
343 740 451 776 caelo
467 753 477 786 3
508 752 612 776 nunc
636 746 751 776 terras
774 739 908 776 ordine
929 740 1046 788 longo

146 810 210 841 aut
231 816 382 852 capere,
405 810 470 841 aut
491 811 623 853 captas
646 805 722 841 iarn
744 804 972 853 despectare
993 804 1195 843 videntur:

145 875 184 905 ut
204 868 368 906 reduces
390 869 441 906 illi
461 869 599 906 ludunt
621 869 869 907 stridentibus
891 869 969 916 alis,

145 940 182 971 et
202 941 316 971 coetu
338 935 493 971 cinxere
514 935 659 983 polum,
684 941 897 983 cantusque
919 934 1076 982 dedere,

144 999 247 1036 haud
269 1000 375 1036 aliter
395 1012 625 1049 puppesque
648 1006 735 1037 tuae
757 1000 957 1049 pubesque
979 1007 1131 1038 tuorum

144 1071 208 1102 aut
228 1071 383 1113 portum
403 1071 508 1102 tenet
530 1072 593 1102 aut
615 1065 732 1114 pleno
753 1065 853 1103 subit
873 1066 971 1103 ostia
990 1066 1087 1103 velo.

146 1130 265 1178 Perge
286 1129 418 1176 modo,
441 1136 490 1176 et,
513 1142 590 1178 qua
610 1137 647 1167 te
669 1129 777 1167 ducit
799 1130 870 1176 via,
893 1130 1011 1179 dirige
1031 1132 1229 1179 gressum.‘

198 1195 316 1241 Dixit,
339 1201 377 1232 et
396 1201 571 1232 avertens
591 1207 703 1232 rosea
723 1195 872 1232 cervice
893 1195 1050 1241 refulsit,

143 1260 436 1308 ambrosiaeque
458 1272 595 1296 comae
617 1260 792 1297 divinum
814 1260 955 1297 vertice
977 1259 1139 1297 odorem

144 1325 345 1373 spiravere,
368 1325 490 1373 pedes
512 1325 626 1362 vestis
649 1324 808 1362 defluxit
829 1324 878 1362 ad
898 1325 1008 1371 imos,

144 1396 182 1426 et
201 1401 290 1426 vera
309 1390 463 1427 incessu
483 1390 607 1438 patuit
629 1389 715 1426 dea.
775 1390 843 1426 Ille
864 1390 928 1427 ubi
952 1396 1114 1427 matrem

143 1454 337 1503 adgnovit,
359 1455 422 1491 tali
443 1455 655 1504 fugientem
678 1461 736 1492 est
756 1467 851 1492 voce
873 1462 1026 1492 secutus
1044 1470 1052 1493 ;

145 1523 153 1538 ‘
169 1520 274 1567 Quid
295 1526 428 1557 natum
448 1520 602 1567 totiens,
625 1519 790 1557 crudelis
811 1526 851 1557 tu
873 1532 1040 1568 quoque,
1062 1520 1163 1557 falsis

142 1584 240 1622 ludis
262 1585 518 1633 imaginibus?
576 1585 655 1623 Cur
677 1584 834 1621 dextrae
856 1585 1011 1633 iungere
1034 1585 1208 1622 dextram

141 1662 220 1687 non
242 1650 364 1696 datur,
386 1662 432 1688 ac
452 1663 558 1687 veras
580 1649 713 1687 audire
736 1656 772 1686 et
792 1649 956 1687 reddere
977 1651 1140 1687 voces?’

194 1716 352 1753 Talibus
373 1716 533 1761 incusat,
555 1727 807 1764 gressumque
829 1714 880 1752 ad
900 1715 1055 1752 moenia
1074 1715 1221 1752 tendit:

84 1807 91 1812 -
141 1787 179 1818 at
198 1781 330 1818 Venus
352 1781 518 1818 obscuro
535 1780 757 1829 gradientes
779 1780 865 1817 ae‘re
888 1780 1041 1828 saepsit,

142 1852 180 1883 et
199 1846 320 1883 multo
341 1845 504 1883 nebulae
527 1846 672 1882 circum
695 1844 770 1882 dea
789 1845 887 1882 fudit
907 1845 1063 1891 amictu,

141 1923 298 1948 cernere
319 1924 367 1948 ne
390 1911 473 1959 quis
496 1923 574 1957 eos,
598 1923 673 1948 neu
697 1911 781 1958 quis
804 1910 1028 1959 contingere
1048 1916 1192 1959 posset,

141 1976 310 2013 molirive
332 1988 492 2022 moram,
515 1982 579 2013 aut
601 1975 783 2012 veniendi
805 1987 967 2024 poscere
990 1988 1135 2013 causas.

141 2042 233 2089 Ipsa
254 2041 429 2089 Paphum
450 2041 620 2078 sublimis
644 2041 733 2086 abit,
757 2039 949 2088 sedesque
970 2040 1097 2077 revisit

138 2106 238 2142 laeta
258 2119 356 2152 suas,
378 2106 444 2143 ubi
463 2107 653 2154 templum
675 2106 737 2151 illi,
760 2112 996 2153 centumque
1018 2106 1166 2142 Sabaeo

139 2178 220 2207 ture
243 2171 369 2208 calent
390 2184 488 2217 arae,
511 2172 697 2219 sertisque
720 2171 939 2208 recentibus
960 2170 1100 2207 halant.

194 2236 422 2284 Corripuere
442 2237 543 2273 viam
564 2237 720 2282 interea,
744 2249 819 2285 qua
839 2236 975 2273 semita
994 2243 1191 2273 monstrat.

140 2302 301 2349 Iamque
323 2301 587 2339 ascendebant
609 2303 761 2348 collem,
786 2302 851 2350 qui
872 2302 1059 2350 plurimus>
1077 2301 1158 2337 urbi

139 2366 325 2417 imminet,
347 2366 601 2415 adversasque
625 2367 826 2416 adspectat
848 2367 1015 2416 desuper
1034 2379 1152 2403 arces.

444 2473 488 2493 39³
504 2474 634 2510 adspice.
658 2475 698 2502 H.
998 2473 1041 2493 401
1059 2474 1173 2510 derzgre.
1196 2474 1231 2501 R.

444 2522 488 2544 396
504 2527 614 2560 capsas.
638 2524 672 2552 R.
995 2523 1038 2543 4⁰7
1055 2524 1149 2551 toties.
1172 2523 1212 2550 H.

1385 170 1546 211 [AENEm.

1492 424 1549 453 390

1491 748 1546 777 395

1490 1075 1548 1101 400

1489 1398 1544 1425 405

1486 1722 1544 1750 410

1483 2027 1540 2075 4is

1482 2373 1539 2399 420
