1690 2734
96 203 232 244 1.387.]
516 195 602 234 Tlce
633 195 845 234 Fortums
877 196 930 248 (gf
953 195 1080 235 Dido.

95 319 271 357 crudeles
292 332 374 356 aras
395 319 630 367 traiectaque
652 325 810 367 pectora
831 319 928 355 ferro

97 384 265 430 nudavit,
289 396 528 432 caecumque
550 383 690 420 domus
712 384 836 420 scelus
857 396 973 420 omne
995 384 1142 421 retexit.

96 450 196 485 'l'um
218 449 383 485 celerare
406 449 533 497 fugam
556 449 755 497 patriaque
778 448 968 485 excedere
990 448 1138 494 suadet,

97 515 355 562 auxiliumque
376 514 458 550 viae
479 521 627 550 veteres
650 514 782 550 tellure
803 513 966 550 recludit

97 579 305 624 thesauros,
329 579 503 627 ignotum
527 579 673 627 argenti
695 578 848 627 pondus
870 585 906 615 et
926 579 1018 615 auri.

100 645 172 681 His
193 651 390 681 commota
410 644 538 692 fugam
562 643 666 680 Dido
688 644 893 691 sociosque
914 644 1072 692 parabat
1089 658 1095 680 :

98 710 345 755 conveniunt,
367 709 504 757 quibus
526 715 590 745 aut
614 708 749 745 odium
771 708 926 745 crudele
947 709 1094 757 tyranni

98 781 161 810 aut
182 780 306 811 metus
326 786 415 810 acer
435 781 514 810 erat
532 788 541 820 3
574 774 692 819 navis,
716 786 815 822 quae
837 774 932 810 forte
953 781 1120 821 paratae,

100 839 320 887 corripiunt,
342 846 580 888 onerantque
603 851 695 875 auro
714 853 720 875 :
752 845 950 887 portantur
970 839 1070 874 avari

100 904 356 953 Pygmalionis
377 917 470 952 opes
493 905 631 953 pelago
649 918 657 950 ς
691 903 769 940 dux
789 904 930 940 femina
950 904 1050 940 facti.

101 970 302 1006 Devenere
324 970 441 1015 locos,
464 970 529 1006 ubi
549 982 653 1006 nunc
678 969 847 1017 ingentia
867 969 991 1005 cernis

98 1034 253 1071 moenia
272 1041 570 1082 surgentemque
594 1047 715 1071 novae
741 1034 985 1082 Karthaginis
1007 1046 1150 1080 arcem,

99 1100 335 1147 mercatique
357 1099 493 1144 solum,
518 1099 606 1136 facti
630 1099 679 1135 de
703 1099 859 1135 nomine
882 1100 1050 1147 Byrsam,

98 1164 247 1200 taurino
268 1171 454 1212 quantum
476 1171 635 1212 possent
658 1163 897 1200 circumdare
919 1170 1037 1212 tergo.

100 1229 176 1266 Sed
196 1241 263 1266 vos
284 1229 349 1277 qui
371 1228 540 1275 tandem,
562 1229 700 1277 quibus
722 1234 786 1264 aut
808 1228 963 1265 venistis
985 1228 1033 1265 ab
1054 1229 1142 1274 oris,

100 1306 225 1342 quove
246 1294 384 1330 tenetis
404 1294 522 1330 iter?'
581 1293 792 1341 Quaerenti
814 1293 950 1330 talibus
972 1293 1033 1329 ille

99 1359 303 1407 suspirans,
326 1359 481 1406 imoque
502 1358 655 1395 trahens
679 1371 701 1395 a
721 1364 879 1406 pectore
900 1370 1063 1395 vocem:

154 1424 213 1461 ‘O
234 1423 319 1470 dea,
342 1424 372 1460 si
392 1424 514 1472 prima
535 1430 715 1472 repetens
736 1423 785 1460 ab
806 1423 952 1471 origine
975 1435 1146 1471 pergam,

99 1495 137 1526 et
156 1496 267 1526 vacet
287 1489 431 1526 annalis
453 1496 669 1525 nostrorum
693 1488 825 1525 audire
849 1489 1035 1534 laborum,

98 1561 186 1591 ante
208 1553 313 1591 diem
335 1554 465 1591 clauso
486 1560 698 1602 componat
718 1554 868 1601 Vesper
889 1553 1070 1602 Olympo.

101 1620 183 1656 Nos
203 1619 320 1656 Troia
341 1619 508 1667 antiqua,
531 1619 561 1655 si
584 1625 724 1655 vestras
747 1619 843 1655 forte
865 1631 935 1666 per
953 1619 1052 1655 auris

98 1685 236 1722 Troiae
257 1697 401 1721 nomen
423 1685 475 1730 iit,
497 1683 647 1721 diversa
668 1696 736 1733 per
758 1696 928 1732 aequora
948 1690 1080 1721 vectos

99 1750 193 1787 forte
215 1762 283 1786 sua
304 1750 456 1798 Libycis
477 1756 686 1798 tempestas
710 1749 857 1797 adpulit
878 1749 964 1786 oris.

99 1815 191 1852 Sum
212 1815 295 1863 pius
315 1816 479 1860 Aeneas,
500 1822 629 1863 raptos
651 1815 716 1863 qui
739 1827 785 1851 ex
808 1814 918 1851 hoste
941 1815 1104 1851 Penates

100 1880 220 1916 classe
241 1880 340 1916 veho
363 1892 528 1925 mecum,
551 1880 652 1916 fama
675 1892 789 1928 super
811 1879 966 1916 aethera
986 1886 1112 1916 notus.

101 1945 250 1981 Italiam
271 1957 415 1993 quaero
436 1946 597 1993 patriam
619 1952 657 1982 et
679 1958 800 1994 genus
822 1945 870 1981 ab
893 1945 986 1981 Iove
1007 1957 1173 1982 summo.

100 2010 162 2046 Bis
184 2009 293 2046 denis
317 2010 522 2058 Phrygium
545 2010 758 2048 conscendi
781 2010 942 2047 navibus
963 2021 1120 2058 aequor,

99 2082 218 2112 matre
240 2075 315 2112 (lea
335 2084 571 2114 monstrante
594 2078 704 2121 viam,
729 2077 819 2114 data
840 2077 917 2113 fata
937 2082 1090 2113 secutus
1107 2089 1116 2122 3

99 2142 160 2177 vix
180 2149 330 2190 septem
351 2144 557 2181 convolsae
578 2144 690 2181 undis
716 2145 897 2191 Euroque
919 2148 1134 2190 supersunt.

101 2208 190 2255 Ipse
212 2208 375 2256 ignotus,
398 2221 528 2257 egens,
552 2209 694 2257 Libyae
717 2209 870 2246 deserta
892 2219 1067 2256 peragro,

102 2274 258 2321 Europa
278 2281 392 2322 atque
416 2274 505 2311 Asia
525 2274 681 2322 pulsus.'
743 2275 828 2311 Nec
850 2274 959 2322 plura
980 2279 1210 2321 querentem

100 2349 212 2386 passa
231 2339 362 2375 Venus
384 2338 513 2375 medio
534 2339 587 2375 sic
609 2339 783 2375 interfata
804 2338 937 2376 dolore
963 2345 1020 2375 est
1039 2353 1045 2374 :

156 2404 164 2420 ·'
180 2403 362 2451 Quisquis
384 2416 436 2447 es,
459 2403 573 2448 haud,
596 2403 727 2449 credo,
749 2403 890 2441 invisus
914 2403 1144 2440 caelestibus
1165 2415 1274 2439 auras

254 2507 299 2528 359
313 2509 501 2537 thensauros.
526 2509 560 2537 R.
901 2509 946 2529 374
963 2512 1125 2546 componet.
1149 2509 1185 2537 R.

254 2556 298 2576 365
314 2566 425 2586 cernes.
450 2558 485 2586 R.
902 2558 945 2578 337
962 2559 1039 2587 haut
1057 2558 1135 2595 (and
1150 2557 1293 2592 always).
1342 2579 1346 2584 .

1440 208 1494 248 47

1442 326 1495 354 355

1444 644 1500 679 350

1445 1302 1502 1329 370

1446 1626 1501 1654 375

1447 1945 1503 1980 380

1449 2271 1502 2306 385
