1690 2734
118 174 170 223 38
479 182 504 211 Ι.
548 171 588 210 Τ
582 170 634 210 lte
664 170 880 224 Landz‘ng
909 169 954 210 in
987 169 1155 222 Africa.

116 295 278 343 imperio
298 294 437 342 premit
459 306 504 330 ac
524 294 658 330 vinclis
681 300 718 330 et
740 305 893 330 carcere
915 293 1048 330 frenat.

117 360 175 396 Illi
195 359 440 408 indignantes
461 371 602 407 magno
623 370 713 395 cum
734 370 927 395 murmure
948 358 1090 395 montis

116 424 261 460 circum
283 424 446 460 claustra
466 424 632 460 fremunt
647 436 657 469 3
689 423 792 459 celsa
812 422 922 459 sedet
942 423 1083 459 Aeolus
1104 434 1192 459 arce

116 496 268 537 sceptra
288 496 435 534 tenens,
458 488 654 536 mollitque
676 488 825 524 animos
847 493 885 524 et
905 493 1096 536 temperat
1116 488 1201 525 iras.

117 554 168 590 Ni
188 554 312 599 faciat,
335 554 453 590 maria
472 566 517 590 ac
537 560 654 590 terras
677 553 903 601 caelumque
926 552 1162 601 profundum

115 619 260 667 quippe
281 619 403 655 ferant
423 617 545 666 rapidi
567 629 698 654 secum
720 624 946 665 verrantque
969 629 1039 666 per
1060 630 1182 656 auras.

116 684 192 722 Sed
212 691 321 733 pater
341 684 588 731 omnipotens
609 682 801 731 speluncis
824 681 974 719 abdidit
994 685 1095 730 atris,

116 750 191 787 hoc
213 757 401 794 metuens,
425 749 645 796 molemque
667 754 705 784 et
725 747 867 784 montis
891 748 1047 798 insuper
1067 751 1162 788 altos

115 816 310 864 imposuit,
332 826 541 863 regemque
563 813 683 858 dedit,
705 813 770 861 qui
793 813 949 851 foedere
973 822 1080 852 certo

116 889 154 918 et
173 893 349 930 premere
372 887 408 916 et
429 881 531 916 laxas
553 880 665 916 sciret
686 878 777 915 dare
800 880 921 916 iussus
943 880 1126 918 habenas.

116 946 178 984 Ad
199 959 315 995 quem
336 953 416 983 tum
439 947 538 983 Iuno
555 945 717 994 supplex
738 945 795 981 his
816 946 977 983 vocibus
998 959 1066 983 usa
1086 953 1142 983 est
1159 961 1166 983 t

171 1012 322 1057 ‘Aeole‚
344 1024 513 1059 namque
535 1011 603 1048 tibi
624 1010 755 1048 divom
777 1018 885 1060 pater
906 1018 1020 1059 atque
1043 1011 1246 1048 hominum
1265 1023 1331 1048 rex

116 1084 154 1114 et
174 1078 343 1114 mulcere
365 1076 473 1114 dedit
494 1077 630 1113 fluctus
652 1083 689 1113 et
711 1077 842 1113 tollere
864 1084 993 1122 vento,

115 1156 210 1192 gens
231 1143 386 1179 inimica
405 1142 498 1178 mihi
518 1142 759 1190 Tyrrhenum
781 1142 934 1190 navigat
956 1154 1113 1190 aequor,

117 1203 231 1245 Ilium
254 1209 292 1244 in
316 1208 465 1244 Italiam
486 1214 643 1256 portans
665 1207 865 1255 victosque
890 1208 1052 1243 Penates
1070 1221 1076 1244 :

116 1264 244 1310 incute
265 1273 342 1309 vim
362 1273 486 1310 ventis
507 1273 802 1320 submersasque
825 1272 945 1309 obrue
966 1284 1132 1321 puppes,

116 1345 180 1374 aut
200 1350 270 1386 age
293 1338 464 1375 diversos
485 1345 523 1375 et
545 1337 664 1384 disifce
689 1350 854 1385 corpora
874 1343 1008 1386 ponto.

116 1404 210 1440 Sunt
231 1403 323 1439 mihi
343 1403 400 1439 bis
422 1410 572 1451 septem
592 1403 801 1451 praestanti
824 1414 985 1450 corpore
1008 1402 1214 1450 nymphae,

116 1480 277 1516 quarum
299 1480 398 1515 quae
420 1468 543 1504 forma
565 1467 824 1516 pulcherrima
846 1468 1036 1515 Deiopea,

117 1533 286 1569 conubio
308 1533 463 1581 iungam
485 1533 610 1569 stabili
631 1533 904 1581 propriamque
927 1532 1080 1577 dicabo,

117 1598 241 1634 omnis
263 1604 303 1634 ut
324 1604 453 1634 tecum
475 1598 617 1634 meritis
639 1609 709 1646 pro
730 1597 866 1633 talibus
889 1609 1010 1633 annos

117 1663 255 1710 exigat,
278 1669 315 1698 et
335 1663 495 1710 pulchra
515 1663 629 1699 faciat
649 1670 685 1699 te
709 1662 815 1710 prole
837 1663 1061 1710 parentem.’

170 1727 312 1763 Aeolus
334 1728 430 1763 haec
452 1734 611 1764 contra:
644 1730 652 1745 ⁴
667 1728 785 1771 Tuus,
809 1727 844 1763 O
866 1726 1008 1774 regina,
1032 1726 1125 1774 quid
1147 1732 1257 1774 optes

118 1792 315 1840 explorare
336 1792 469 1838 labor3
500 1792 594 1829 mihi
615 1793 715 1828 iussa
737 1803 940 1839 capessere
963 1791 1017 1827 fas
1040 1798 1109 1828 est.

117 1857 177 1893 Tu
198 1857 303 1902 mihi,
325 1856 604 1905 quodcumque
626 1857 701 1893 hoc
722 1856 841 1905 regni,
865 1863 906 1892 tu
928 1863 1080 1904 sceptra
1103 1857 1315 1904 Iovemque

119 1922 314 1967 concilias,
335 1928 376 1958 tu
397 1921 465 1958 das
487 1922 608 1970 epulis
631 1922 862 1958 accumbere
886 1921 1029 1965 divom,

118 1987 417 2034 nimborumque
439 1987 530 2023 facis
551 1994 904 2035 tempestatumque
927 1987 1155 2034 potentem.'

175 2053 290 2088 Haec
310 2052 376 2089 ubi
397 2051 512 2097 dicta,
536 2064 673 2088 cavum
695 2064 882 2088 conversa
905 2050 1065 2098 cuspide
1091 2057 1264 2087 montem

120 2117 270 2165 impulit
292 2117 329 2153 in
350 2117 444 2153 latus
463 2131 469 2153 :
501 2129 547 2152 ac
567 2117 683 2162 venti,
706 2117 808 2153 velut
831 2116 983 2165 agmine
1007 2115 1120 2160 facto,

121 2194 197 2230 qua
217 2181 307 2218 data
327 2188 447 2229 porta,
469 2188 584 2218 ruunt
605 2188 642 2218 et
662 2188 779 2218 terras
801 2182 952 2218 turbine
978 2181 1151 2230 perfiant.

123 2247 340 2283 Incubuere
363 2247 467 2292 mari,
490 2253 694 2295 totumque
718 2259 739 2283 a
759 2246 915 2284 sedibus
938 2247 1024 2283 imis

123 2324 200 2348 una
222 2312 423 2359 Eurusque
450 2312 654 2359 Notusque
675 2319 787 2348 ruunt
809 2312 1020 2360 creberque
1043 2311 1220 2360 procellis

124 2377 284 2422 Africus,
306 2384 344 2413 et
364 2383 490 2413 vastos
511 2376 667 2413 volvunt
689 2376 738 2413 ad
760 2377 869 2413 litora
890 2376 1040 2414 fluctus.

124 2481 153 2501 53
169 2482 295 2510 coelum.
319 2482 360 2510 H.
612 2481 640 2502 73
656 2483 812 2510 connubio.
836 2482 877 2511 H.
919 2481 948 2502 81
964 2491 1078 2510 cavom.
1102 2482 1137 2510 R.

1353 174 1514 217 [AENEm.

1477 351 1564 395 55'

1481 1344 1518 1371 70

1482 1667 1519 1696 75

1486 1984 1523 2011 80

125 2529 153 2550 '⁴'0
169 2530 286 2559 disiice.
310 2530 352 2559 H.
393 2531 510 2559 dissice.
535 2531 571 2559 R.
612 2529 641 2550 ⁷⁵
650 2531 774 2567 pulcra.
798 2531 839 2560 H.
919 2530 948 2551 86
962 2530 1094 2559 volvont.
1111 2530 1156 2565 R„
1171 2530 1236 2559 and
1250 2530 1365 2568 always
1376 2540 1393 2559 0
1407 2531 1485 2559 aster
1498 2540 1526 2560 v.
