1690 2734
59 161 113 189 20
553 148 764 188 pastoral
791 149 959 195 Poems.

58 272 240 319 Arcades,
262 271 404 309 invidia
423 278 647 320 rumpantur
667 278 707 308 ut
731 272 792 308 ilia
813 272 945 309 Codro
961 287 971 319 3

58 343 121 374 aut
142 337 171 374 si
192 338 289 373 ultra
308 337 491 385 placitum
511 336 683 382 laudarit,
706 337 866 373 baccare
888 338 1053 374 frontem

59 402 212 450 cingite,
235 414 283 438 ne
304 402 378 438 vati
401 408 540 437 noceat
562 401 661 437 mala
681 401 810 449 lingua
830 402 967 438 futuro.

65 467 107 504 C.
148 467 293 504 Saetosi
316 473 431 514 caput
453 466 629 513 hocapri
651 466 730 511 tibi,
754 467 876 511 Delia,
898 479 1035 514 parvus

59 538 96 568 et
115 543 267 568 ramosa
288 531 422 568 Micon
444 531 584 567 vivacis
607 543 752 567 cornua
773 532 886 568 cervi.

59 598 95 634 Si
116 597 311 645 proprium
334 596 408 632 hoc
429 596 551 640 fuerit,
573 595 644 632 levi
666 595 715 632 de
737 609 926 633 marmore
947 603 1028 633 tota

60 662 227 710 puniceo
248 661 362 697 stabis
384 673 487 697 suras
509 661 661 696 evincta
681 668 855 697 coturno.

65 727 106 763 T.
146 727 278 763 Sinum
298 726 405 762 lactis
427 732 465 762 et
486 725 582 761 haec
603 732 639 762 te
662 726 747 771 liba,
773 726 920 774 Priape,
943 727 1148 774 quotannis

60 798 283 839 exspectare
305 798 360 827 sat
382 797 462 827 est:
496 797 623 827 custos
645 803 685 827 es
706 792 882 839 pauperis
904 791 1013 828 horti.

62 857 176 893 Nunc
197 863 233 892 te
254 868 511 892 marmoreum
531 868 601 903 pro
622 862 795 903 tempore
817 856 976 892 fecimus
993 870 1002 903 ς
1032 863 1069 892 at
1089 863 1141 901 tu,

60 922 88 957 si
111 921 232 957 fetura
251 933 406 969 gregem
428 920 673 968 suppleverit,
695 933 830 957 aureus
852 927 946 958 esto.

68 987 109 1023 C.
151 986 296 1022 Nerine
318 985 490 1030 Galatea,
512 985 644 1034 thymo
666 985 757 1021 mihi
778 985 928 1022 dulcior
950 986 1116 1034 Hyblae,

61 1051 264 1088 candidior
285 1051 427 1099 cycnis,
450 1050 595 1087 hedera
614 1051 817 1087 formosior
838 1051 934 1096 alba,

61 1129 149 1152 cum
170 1117 336 1164 primum
358 1116 456 1164 pasti
476 1122 652 1164 repetent
673 1116 874 1163 praesepia
893 1116 1001 1161 tauri,

61 1182 91 1218 si
112 1194 188 1229 qua
208 1182 261 1217 tui
283 1180 501 1229 Corydonis
523 1181 638 1217 habet
659 1187 695 1216 te
717 1193 818 1225 cura,
840 1181 981 1217 venito.

67 1247 108 1283 T.
150 1247 275 1282 Immo
296 1258 369 1294 ego
390 1245 584 1283 Sardoniis
605 1245 736 1282 videar
755 1245 821 1282 tibi
842 1246 1004 1282 amarior
1024 1245 1162 1291 herbis,

62 1311 250 1347 horridior
270 1324 393 1356 rusco,
416 1312 587 1359 proiecta
608 1311 716 1347 vilior
735 1311 830 1358 alga,

62 1378 91 1414 si
114 1378 206 1414 mihi
227 1390 305 1413 non
328 1377 422 1413 haec
444 1377 506 1413 lux
526 1383 608 1413 toto
631 1377 704 1412 iam
728 1376 877 1424 longior
897 1388 999 1412 anno
1020 1382 1089 1412 est.

65 1444 122 1479 Ite
144 1442 304 1479 domum
325 1442 434 1490 pasti,
456 1442 485 1478 si
507 1442 589 1489 quis
610 1441 745 1489 pudor,
768 1441 817 1476 ite
838 1441 1001 1477 iuvenci.

70 1508 112 1544 C.
153 1507 327 1544 Muscosi
347 1507 483 1551 fontes,
507 1513 542 1542 et
564 1518 700 1542 somno
722 1506 871 1541 mollior
891 1505 1021 1551 herba,

64 1579 100 1608 et
121 1584 218 1620 quae
240 1584 307 1607 vos
328 1584 409 1607 rara
428 1570 556 1606 viridis
579 1571 670 1618 tegit
692 1571 845 1607 arbutus
866 1570 1013 1615 umbra,

63 1639 266 1676 solstitium
287 1639 418 1687 pecori
440 1637 637 1674 defendite
655 1652 665 1684 3
696 1638 770 1673 iam
790 1637 894 1673 venit
914 1644 1037 1673 aestas

63 1703 218 1749 torrida,
240 1704 314 1739 iam
336 1703 440 1739 lento
462 1709 614 1751 turgent
635 1703 672 1738 in
693 1702 848 1750 palmite
869 1714 1058 1749 gemmae.

70 1769 111 1806 T.
152 1769 231 1805 Hic
253 1769 360 1805 focus
381 1775 418 1804 et
438 1767 576 1804 taedae
598 1768 770 1815 pingues,
793 1767 854 1802 hic
876 1767 1057 1815 plurimus
1078 1767 1173 1815 ignis

64 1846 228 1882 semper,
251 1841 288 1870 et
309 1833 473 1870 adsidua
492 1840 622 1881 postes
644 1832 797 1880 fuligine
820 1832 939 1879 nigri3

65 1899 127 1936 hic
147 1905 295 1935 tantum
317 1900 461 1935 Boreae
484 1910 660 1934 curamus
682 1898 828 1945 frigora,
852 1904 1035 1944 quantum

65 1972 129 2001 aut
149 1977 350 2001 numerum
371 1964 494 2011 lupus,
517 1970 580 1999 aut
600 1963 777 1999 torrentia
803 1962 957 1997 flumina
977 1963 1088 2009 ripas.

73 2030 115 2067 C.
156 2031 261 2067 Stant
283 2036 320 2065 et
342 2029 514 2076 iuniperi,
539 2035 576 2064 et
597 2035 801 2063 castaneae
824 2027 987 2062 hirsutae
1006 2040 1014 2071 3

66 2102 181 2132 strata
201 2095 327 2130 iacent
347 2094 488 2141 passim
509 2105 576 2129 sua
596 2104 747 2140 quaque
769 2092 839 2128 sub
859 2092 993 2127 arbore
1014 2103 1130 2139 poma
1145 2105 1154 2137 5

66 2160 196 2196 omnia
215 2171 317 2195 nunc
339 2158 464 2194 rident
483 2172 488 2194 :
521 2164 558 2193 at
580 2158 608 2193 si
632 2158 820 2193 formosus
843 2156 969 2192 Alexis

67 2224 261 2261 montibus
282 2223 338 2274 his
360 2224 484 2267 abeat,
506 2222 636 2258 videas
658 2229 695 2258 et
716 2222 871 2258 fiumina
891 2222 1006 2257 sicca.

72 2290 114 2326 T.
153 2290 244 2325 Aret
264 2300 378 2336 ager,-
410 2287 500 2324 vitio
522 2287 688 2323 moriens
711 2287 786 2323 sitit
808 2287 903 2323 aeris
924 2286 1042 2322 herba
1060 2299 1068 2331 3

70 2354 184 2391 Liber
202 2353 429 2402 pampineas
450 2351 585 2388 invidit
605 2352 763 2388 collibus
785 2351 936 2388 umbras
954 2366 960 2388 :

1303 154 1453 196 [BucoL.

1418 555 1456 583 30

1420 864 1455 891 35

1421 1204 1458 1231 40

1422 1510 1459 1539 45

1424 1853 1461 1881 50

1425 2162 1460 2190 55

125 2440 153 2461 27
169 2441 326 2469 bacchare.
788 2439 816 2458 32
832 2440 990 2467 cothurno.
1014 2439 1054 2467 H.
1163 2437 1190 2457 41
1207 2438 1345 2465 Sardois.
1369 2437 1410 2465 H.

125 2489 155 2510 29
170 2494 288 2527 parvos
303 2488 353 2525 (as
368 2489 482 2525 always
497 2488 574 2516 after
587 2488 634 2524 v).
664 2489 700 2517 R.
789 2488 818 2508 39
834 2489 1028 2525 praesaepia.
1052 2489 1086 2516 R,
1160 2488 1187 2506 ‘³3
1204 2487 1290 2520 laeto,
1306 2487 1387 2522 vulg.
