1690 2734
141 184 196 226 92
453 186 516 215 111.
551 174 591 214 T
585 175 638 214 lle
673 175 942 230 lVanderz'ng
969 178 1023 229 of
1044 177 1228 218 AEneaS.

141 296 318 333 ambesas
340 297 490 346 subigat
511 297 618 334 malis
635 298 838 335 absumere
860 301 1038 337 mensas.'

142 360 262 407 Dixit,
284 368 321 398 et
341 361 380 398 in
401 362 534 399 silvam
553 363 692 411 pennis
713 363 839 400 ablata
857 364 1007 412 refugit.

195 427 245 462 At
265 426 379 463 sociis
400 427 525 464 subita
543 427 691 475 gelidus
713 428 916 465 formidine
938 430 1092 478 sanguis

141 489 305 540 deriguit
320 505 330 537 ,-
362 491 540 529 cecidere
560 492 691 538 animi,
713 505 788 529 nec
809 494 882 530 iam
905 495 1068 543 amplius
1090 496 1216 541 armis,

140 555 210 593 sed
230 557 327 593 votis
348 557 605 605 precibusque
626 558 761 595 iubent
782 570 993 607 exposcere
1015 571 1167 608 pacem,

140 621 217 658 sive
239 620 349 667 deae,
371 634 438 658 seu
460 623 534 659 sint
555 622 659 660 dirae
681 623 954 672 obscenaeque
978 625 1164 662 volucres.

141 686 191 722 Et
210 693 319 734 pater
339 687 528 724 Anchises
550 689 668 736 passis
691 688 740 725 de
762 689 871 725 litore
894 689 1030 737 palmis

138 751 298 788 numina
318 764 459 800 magna
478 760 603 798 vocat,
626 754 861 801 meritosque
885 754 1020 792 indicit
1042 756 1208 794 honores
1226 772 1233 794 ;

139 818 148 834 ⁴
164 816 227 862 Di,
249 816 452 865 prohibete
474 818 597 854 minas
614 832 624 864 3
655 817 706 864 di,
730 819 846 855 talem
870 821 1026 858 avertite
1049 834 1193 867 casum,

139 888 177 919 et
196 881 339 930 placidi
361 889 507 919 servate
528 883 613 931 pios
633 884 659 920 l'
719 884 821 920 Tum
844 885 952 921 litore
974 886 1105 923 funem

138 946 327 996 deripere,
350 960 610 996 excussosque
632 949 737 985 iubet
759 949 884 987 laxare
907 950 1101 989 rudentes.

137 1012 322 1050 Tendunt
342 1013 425 1050 vela
446 1013 540 1050 Noti
556 1028 566 1060 ‚-
596 1014 762 1062 fugimus
787 1016 1053 1063 spumantibus
1077 1017 1201 1063 undis,

137 1090 214 1126 qua
235 1091 389 1115 cursum
410 1085 624 1127 ventusque
650 1080 963 1129 gubernatorque
986 1083 1160 1119 vocabat.

139 1144 221 1180 Iam
245 1143 375 1180 medio
396 1143 557 1192 adparet
580 1144 703 1196 fluctu
717 1158 923 1182 nemorosa
945 1147 1162 1194 Zacynthos

140 1209 441 1257 Dulichiumque
464 1210 655 1258 Sameque
679 1217 717 1247 et
740 1211 896 1248 Neritos
918 1211 1037 1248 ardua
1057 1213 1167 1250 saxis.

139 1274 351 1322 Effugimus
373 1275 554 1323 scopulos
578 1275 748 1321 Ithacae,
775 1276 926 1313 Laertia
948 1290 1076 1325 regna,

137 1345 175 1376 et
195 1346 333 1376 terram
355 1340 526 1376 altricem
547 1341 650 1376 saevi
673 1337 917 1378 exsecramur
940 1342 1054 1379 Ulixi.

138 1405 234 1441 Mox
255 1411 291 1440 et
314 1405 506 1441 Leucatae
529 1405 707 1442 nimbosa
730 1407 935 1443 cacumina
955 1408 1096 1444 montis

137 1476 174 1506 et
195 1469 419 1506 formidatus
440 1470 564 1507 nautis
586 1471 754 1519 aperitur
776 1471 926 1520 Apollo.

138 1535 258 1571 Hunc
280 1535 446 1583 petimus
468 1536 555 1572 fessi
576 1543 614 1572 et
635 1548 775 1584 parvae
800 1537 1048 1574 succedimus
1069 1538 1152 1574 urbi
1172 1552 1179 1582 ;

135 1611 277 1636 ancora
299 1599 347 1636 de
369 1612 481 1648 prora
502 1601 649 1647 iacitur,
674 1609 774 1638 stant
798 1603 906 1639 litore
929 1614 1093 1651 puppes.

191 1666 294 1714 Ergo
316 1666 507 1714 insperata
528 1666 689 1703 tandem
713 1667 844 1704 tellure
869 1668 992 1716 potiti,

134 1731 413 1779 lustramurque
437 1732 520 1769 Iovi
540 1733 716 1780 votisque
739 1732 984 1769 incendimus
1005 1746 1099 1779 aras,

134 1796 324 1844 Actiaque
350 1797 475 1833 Iliacis
498 1797 738 1835 celebramus
760 1798 869 1835 litora
891 1798 1001 1835 ludis.

135 1861 329 1898 Exercent
349 1863 489 1910 patrias
510 1863 598 1900 oleo
619 1863 771 1900 labente
798 1864 1004 1912 palaestras

134 1926 268 1964 nudati
289 1928 384 1964 socii
399 1942 409 1974 ,-
441 1929 543 1966 iuvat
564 1930 728 1966 evasisse
751 1935 808 1965 tot
829 1929 943 1965 urbes

133 1993 344 2040 Argolicas,
365 1993 594 2043 mediosque
617 1995 746 2043 fugam
768 1994 936 2032 tenuisse
958 2006 1027 2042 per
1047 1994 1176 2030 hostis.

134 2058 288 2094 Interea
310 2071 492 2107 magnum
513 2060 570 2096 sol
593 2060 906 2097 circumvolvitur
927 2072 1082 2103 annum,

134 2129 170 2159 et
191 2123 358 2171 glacialis
380 2124 531 2173 hiemps
552 2125 794 2173 aquilonibus
817 2132 969 2173 asperat
990 2123 1124 2161 undas.

132 2189 231 2224 Aere
253 2201 348 2225 cavo
371 2190 552 2237 clipeum,
576 2190 705 2238 magni
726 2197 927 2238 gestamen
949 2190 1122 2235 Abantis,

132 2252 306 2300 postibus
328 2253 495 2291 adversis
516 2255 604 2303 figo,
628 2262 666 2291 et
686 2266 767 2291 rem
789 2255 958 2291 carmine
980 2255 1089 2303 signo
1107 2269 1114 2291 ε

132 2318 290 2354 AENEAs
311 2329 415 2355 HAEC
436 2330 486 2355 DE
508 2320 659 2356 DANAIS
678 2331 904 2357 weromssvs
925 2333 1043 2357 ARMA.

134 2382 325 2430 Linquere
346 2390 427 2420 tum
448 2391 580 2431 portus
602 2385 717 2421 iubeo
739 2392 775 2422 et
797 2385 998 2422 considere
1021 2387 1214 2423 transtris:

132 2448 306 2485 certatim
327 2448 422 2485 socii
443 2448 580 2485 feriunt
601 2461 703 2486 mare
726 2457 763 2486 et
784 2462 953 2498 aequora
972 2458 1138 2488 verrunt.

720 2534 762 2554 '³5¹0'
772 2536 890 2571 pinnis.
915 2536 950 2565 R.

1382 186 1543 227 [AENEJD.

1487 497 1544 524 260

1491 823 1544 858 265

1489 1157 1545 1183 270

1488 1480 1542 1508 275

1486 1799 1541 1826 280

1483 2123 1538 2158 285

1482 2459 1538 2486 290
