1690 2734
172 161 250 212 146
748 173 788 202 V.
826 161 975 214 Sicily.
1405 166 1565 207 [AENEID.

166 284 392 333 delphinum
414 284 566 330 similes,
589 283 654 332 qui
674 296 743 333 per
763 284 881 320 maria
899 284 1031 321 umida
1052 285 1184 322 nando

164 350 416 398 Carpathium
438 350 705 398 Libycumque
726 356 871 394 secant,
898 347 1135 398 [luduntque
1157 361 1226 398 per
1246 347 1406 400 undas]

165 415 286 451 Hunc
308 426 456 450 morem
477 426 608 450 cursus
629 421 744 461 atque
767 414 864 450 11366
885 414 1095 450 certamina
1115 415 1259 462 primus

165 475 363 520 Ascanius,
388 475 563 522 Longam
586 475 700 510 muris
723 486 812 510 cum
834 474 1005 522 cingeret
1025 475 1175 520 Albam,

163 540 316 584 rettulit,
341 546 378 575 et
398 539 543 587 priscos
566 538 700 575 docuit
722 539 916 575 celebrare
939 540 1108 585 Latinos,

163 618 243 654 quo
264 617 359 654 puer
380 605 462 652 ipse
484 603 615 649 modo,
639 616 771 640 secum
793 616 870 652 quo
891 605 1007 641 Troia
1027 605 1148 653 pubes
1166 619 1175 651 5

163 671 301 708 Albani
323 670 492 707 docuere
514 681 602 705 suos
621 683 630 714 3
661 669 752 705 hinc
772 669 941 706 maxima
960 682 1074 718 porro

165 737 316 784 accepit
339 737 478 781 Roma,
500 742 538 771 et
560 734 724 783 patrium
747 735 908 771 servavit
930 735 1118 771 honorem
1134 749 1144 781 3

169 803 366 850 Troiaque
388 813 490 837 nunc
511 800 632 848 pueri,
662 800 877 836 Tmianzlm
900 799 1039 836 dicitur
1060 812 1212 848 agmen.

166 868 254 904 Hac
277 866 469 903 celebrata
489 871 599 901 tenus
622 871 756 901 sancto
779 865 989 900 certamina
1009 865 1118 912 patri.

219 934 298 970 Hic
319 933 484 981 primum
506 932 657 968 fortuna
678 931 797 968 fidem
818 938 963 967 mutata
983 919 1148 967 novavit.

166 1000 269 1035 Dum
291 998 400 1035 variis
422 997 568 1034 tumulo
590 997 756 1033 referunt
777 997 977 1033 sollemnia
997 996 1107 1041 ludis,

166 1064 256 1101 Irim
278 1063 326 1100 de
349 1063 457 1099 caelo
480 1063 580 1098 misit
601 1062 775 1099 Saturnia
797 1062 895 1098 Iuno

166 1129 323 1166 Iliacam
345 1127 395 1164 ad
416 1128 589 1172 classem,
612 1134 824 1174 ventosque
847 1126 1016 1174 adspirat
1037 1127 1153 1171 eunti,

164 1194 284 1231 multa
304 1205 474 1237 movens,
497 1191 665 1228 necdum
688 1192 889 1239 antiquum
911 1198 1075 1228 saturata
1096 1191 1284 1228 dolorem.

166 1259 246 1303 Illa,
268 1259 368 1296 viam
390 1258 560 1294 celerans
582 1269 650 1304 per
671 1257 771 1293 mille
794 1256 986 1293 coloribus
1007 1268 1152 1301 arcum,

164 1324 255 1360 nulli
277 1324 358 1360 visa
378 1324 455 1359 cito
478 1322 645 1359 decurrit
667 1322 816 1357 tramite
839 1322 955 1369 virgo.

165 1389 367 1437 Conspicit
388 1389 583 1436 ingentem
607 1399 850 1431 concursum,
874 1393 911 1422 et
933 1386 1041 1422 litora
1061 1386 1204 1431 lustrat,

165 1453 417 1501 desertosque
438 1452 542 1489 videt
564 1457 695 1500 portus
718 1451 957 1499 classemque
978 1451 1163 1487 relictam.

165 1520 214 1556 At
235 1518 366 1567 procul
389 1519 426 1554 in
448 1518 529 1554 sola
549 1523 720 1553 secretae
741 1515 916 1552 Troades
938 1523 1025 1568 acta

165 1584 346 1620 amissum
368 1583 564 1619 Anchisen
585 1582 740 1626 flebant,
763 1588 1006 1629 cunctaeque
1026 1581 1264 1629 profundum

164 1657 328 1698 pontum
349 1647 630 1696 adspectabant
651 1646 796 1683 flentes.
856 1649 864 1664 ‘
882 1647 973 1683 Heu
994 1653 1049 1683 tot
1071 1646 1170 1682 vada
1189 1647 1297 1683 fessis

165 1721 204 1751 et
223 1721 372 1750 tantum
393 1724 592 1761 superesse
614 1712 727 1748 maris
747 1714 753 1748 !
770 1712 777 1727 ’
808 1724 883 1747 vox
903 1712 1082 1748 omnibus
1102 1724 1190 1748 una.

166 1780 313 1817 Urbem
335 1785 443 1815 orant
462 1792 468 1821 ς
488 1777 629 1814 (taedet
651 1776 775 1824 pelagi
798 1777 961 1824 perferre
983 1776 1165 1813 laborem.

168 1846 269 1893 Ergo
290 1845 387 1880 inter
407 1842 554 1880 medias
576 1854 658 1879 sese
681 1841 784 1878 haud
807 1842 937 1890 ignara
956 1841 1127 1878 nocendi

167 1910 322 1954 conicit,
344 1916 381 1946 et
402 1909 617 1955 faciemque
640 1907 738 1944 deae
760 1914 984 1955 vestemque
1007 1908 1159 1955 reponit
1177 1921 1184 1952 ;

166 1976 207 2012 fit
229 1976 363 2017 Beroe,
385 1974 529 2010 Tmarii
551 1973 722 2010 coniunx
742 1972 930 2019 longaeva
953 1972 1121 2020 Dorycli,

168 2041 229 2077 6111
250 2053 370 2088 genus
391 2046 429 2076 et
450 2038 648 2087 quondam
670 2049 815 2074 nomen
837 2037 992 2084 natique
1014 2037 1172 2073 fuissent
1190 2051 1198 2082 3

166 2118 213 2143 36
233 2106 287 2141 516
311 2104 577 2141 Dardanidum
601 2103 771 2140 mediam
792 2115 832 2140 se
854 2103 1037 2139 matribus
1058 2102 1193 2148 ingert:

222 2174 230 2188 ⁴
246 2171 281 2208 O
304 2170 474 2210 miserae,
497 2182 590 2218 quas
612 2182 689 2206 non
712 2180 847 2205 manus
865 2169 872 2184 '
896 2167 1018 2215 inquit
1039 2169 1048 2185 ‘
1066 2166 1236 2203 Achaica
1258 2166 1358 2203 bello

167 2237 321 2274 traxerit
342 2236 391 2272 ad
411 2237 528 2273 letum
551 2236 694 2284 patriae
716 2235 789 2272 sub
810 2233 1013 2270 moenibus
1033 2235 1039 2269 1
1095 2232 1131 2270 O
1152 2243 1246 2280 gens

168 2304 308 2348 infelix,
332 2303 390 2339 cui
416 2309 452 2338 te
474 2302 589 2338 exitio
613 2301 783 2337 Fortuna
801 2299 995 2336 reservat?

169 2369 354 2416 Septuma
373 2374 459 2415 post
479 2367 616 2402 Troiae
638 2364 852 2406 exscidium
873 2364 950 2400 iarn
970 2363 1126 2399 vertitur
1144 2369 1281 2407 aestas,

170 2446 260 2470 curn
280 2433 385 2477 freta,
407 2444 497 2468 cum
517 2438 633 2467 terras
654 2442 802 2475 omnes,
824 2435 883 2467 tot
904 2428 1099 2476 inhospita
1118 2439 1209 2464 saxa

323 2517 364 2539 595
385 2517 594 2554 Carphatium.
617 2517 652 2545 R.
771 2515 814 2536 604
842 2516 923 2544 hinc.
946 2515 981 2543 R.
1096 2513 1139 2534 615
1154 2513 1355 2550 aspectabant.
1377 2512 1414 2541 R.

1510 355 1565 385 595

1512 1320 1569 1348 610

1513 1645 1568 1680 615

1512 1970 1570 1997 620

1512 2294 1567 2330 625
