1690 2734
139 139 194 177 70
574 141 617 170 ΙΙ.
653 130 740 169 lee
769 131 875 170 Fal!
900 133 954 183 of
984 132 1101 184 Troy.

190 250 250 287 Sic
271 251 408 288 animis
430 252 611 289 iuvenum
632 253 734 290 furor
753 252 907 290 additus
925 269 931 290 :
963 254 1066 299 inde,
1087 255 1167 302 lupi
1189 267 1260 291 ceu

135 321 306 362 raptores
328 322 407 352 atra
427 316 465 353 in
486 317 638 362 nebula,
660 330 758 365 quos
780 319 956 366 improba
975 320 1114 355 ventris

136 379 262 428 exegit
283 392 422 417 caecos
443 381 579 426 rabies,
602 382 794 430 catulique
815 383 937 419 relicti

135 445 309 481 faucibus
331 453 558 494 exspectant
579 447 703 492 siccis,
725 459 796 496 per
815 448 901 493 tela,
924 460 993 497 per
1012 434 1131 486 hostis

135 509 310 546 vadimus
332 510 437 547 haud
458 510 617 548 dubiam
639 512 676 548 in
698 519 873 558 mortem,
897 513 1128 562 mediaeque
1149 521 1326 552 tenemus

135 574 237 611 urbis
259 575 329 611 iter
343 589 352 621 3
384 588 462 612 nox
484 583 564 613 atra
585 589 679 613 cava
699 578 950 615 circumvolat
970 580 1115 616 umbra.

136 639 231 686 Quis
253 640 403 677 cladem
426 641 522 678 illius
543 643 680 687 noctis,
701 643 784 690 quis
805 642 936 680 funera
956 644 1074 681 fando

135 705 312 752 explicet,
335 713 400 742 aut
421 707 542 754 possit
563 707 727 744 lacrimis
748 719 912 756 aequare
934 708 1111 746 labores?

134 770 234 807 Urbs
257 771 413 819 antiqua
433 772 516 817 ruit,
541 773 680 808 multos
702 772 900 809 dominata
921 786 989 822 per
1008 787 1156 821 annos3

134 835 296 882 plurima
317 848 463 884 perque
484 838 562 874 vias
583 844 801 874 sternuntur
822 838 955 875 inertia
976 839 1116 886 passim

134 912 307 948 corpora,
330 913 475 949 perque
498 901 637 939 domos
659 910 695 938 et
716 903 894 951 religiosa
914 902 1076 940 deorum

132 965 273 1002 limina.
334 966 420 1003 Nec
441 967 510 1003 soli
532 979 678 1014 poenas
699 967 792 1004 dant
812 969 995 1016 sanguine
1016 970 1182 1015 Teucri:

133 1030 333 1078 quondam
355 1032 472 1068 etiam
494 1032 605 1068 victis
626 1031 724 1069 redit
745 1032 783 1068 in
803 1033 1030 1080 praecordia
1051 1035 1166 1070 virtus

132 1096 374 1144 victoresque
397 1096 541 1133 cadunt
564 1097 689 1133 Danai
708 1112 714 1134 z
747 1097 912 1134 crudelis
933 1098 1073 1146 ubique

132 1160 267 1206 luctus,
290 1162 432 1210 ubique
454 1174 583 1210 pavor,
606 1168 644 1198 et
665 1163 827 1210 plurima
847 1164 977 1200 mortis
999 1164 1138 1212 imago.

188 1227 334 1263 Primus
356 1239 408 1273 se,
431 1228 612 1264 Danaum
634 1240 774 1275 magna
794 1229 1003 1265 comitante
1026 1236 1188 1274 caterva,

132 1292 361 1340 Androgeos
382 1292 492 1328 offert
512 1293 635 1337 nobis,
658 1293 764 1329 socia
785 1294 938 1341 agmina
958 1293 1121 1330 credens

132 1357 285 1402 inscius,
308 1364 422 1405 atque
444 1358 540 1394 ultro
561 1358 686 1394 verbis
709 1358 917 1406 compellat
938 1359 1069 1395 amicis
1087 1374 1094 1396 z

133 1425 141 1441 ‘
160 1423 366 1468 Festinate,
389 1423 454 1459 viri
473 1438 478 1459 ι
512 1436 600 1459 nam
623 1436 720 1471 quae
743 1430 823 1460 tam
844 1436 929 1460 sera
949 1431 1118 1461 moratur

131 1488 340 1537 segnities?
395 1488 466 1524 Alii
487 1489 639 1536 rapiunt
660 1488 819 1525 incensa
838 1489 1039 1538 feruntque

134 1555 344 1602 Pergama3
376 1566 442 1589 vos
465 1554 574 1590 celsis
596 1566 698 1590 nunc
720 1554 886 1602 primum
906 1567 929 1590 a
947 1555 1105 1592 navibus
1127 1556 1213 1593 itis.'

133 1619 248 1664 Dixit,
272 1626 309 1655 et
330 1619 538 1667 extemplo,
560 1631 686 1667 neque
708 1620 811 1656 enim
831 1632 1018 1667 responsa
1038 1620 1229 1657 dabantur

132 1684 208 1721 fida
229 1685 329 1728 satis,
353 1684 470 1720 sensit
493 1684 642 1720 medios
664 1684 846 1732 delapsus
868 1685 905 1721 in
928 1684 1058 1722 hostis.

133 1750 339 1798 Obstipuit,
361 1757 539 1797 retroque
561 1750 702 1798 pedem
724 1762 813 1786 cum
833 1763 930 1787 voce
951 1751 1154 1799 repressit:

131 1816 367 1864 inprovisum
388 1815 506 1863 aspris
527 1815 641 1851 veluti
663 1815 726 1863 qui
748 1815 919 1852 sentibus
941 1828 1106 1864 anguem

131 1882 274 1929 pressit
287 1880 550 1927 luumffnitssffss&
573 1879 821 1928 trepidusque
842 1887 1003 1928 repente
1024 1881 1159 1929 refugit

131 1946 369 1982 attollentem
391 1946 461 1981 iras
484 1952 520 1981 et
542 1945 693 1981 caerula
713 1945 812 1981 colla
832 1952 1044 1981 tumentem
1061 1960 1070 1991 3

131 2011 234 2048 haud
255 2024 366 2048 secus
388 2010 616 2058 Androgeos
636 2011 717 2046 visu
738 2010 984 2046 tremefactus
1005 2010 1145 2047 abibat.

134 2078 335 2123 Inruimus,
358 2076 486 2113 densis
508 2084 545 2113 et
567 2074 911 2111 circumfundimur
931 2076 1055 2119 armis,

131 2144 360 2192 ignarosque
381 2143 457 2179 loci
478 2142 618 2190 passim
641 2148 678 2177 et
699 2139 902 2177 formidine
925 2147 1058 2188 captos

131 2210 358 2247 sternimus:
391 2209 560 2257 adspirat
581 2208 704 2256 primo
726 2207 877 2243 fortuna
896 2205 1028 2242 labori.

187 2276 313 2322 Atque
335 2274 397 2311 hic
418 2286 600 2310 successu
622 2273 814 2310 exsultans
835 2272 1049 2320 animisque
1073 2272 1284 2319 Coroebus,

132 2343 141 2359 ‘
157 2340 191 2378 O
213 2340 320 2385 socii,
342 2351 418 2387 qua
440 2339 585 2387 prima’
606 2339 729 2386 inquit
751 2341 759 2356 ⁶
773 2338 924 2375 fortuna
944 2337 1072 2374 salutis

132 2411 317 2442 monstrat
339 2405 418 2448 iter,
441 2416 595 2451 quoque
618 2403 787 2440 ostendit
808 2415 847 2439 se
870 2402 1014 2447 dextra,
1037 2414 1266 2450 sequamur3

132 2476 323 2507 mutemus
345 2469 501 2517 clipeos,
526 2469 782 2515 Danaumque
803 2467 967 2516 insignia
984 2467 1096 2504 nobis

1373 140 1534 181 [AENEm.

1479 263 1534 292 355

1478 580 1535 616 360

1477 905 1532 940 365

1476 1238 1533 1266 370

1477 1564 1531 1592 375

1476 1882 1531 1917 380
