1690 2734
159 153 236 193 168
571 165 628 192 vl.
672 152 760 191 Tlae
791 152 952 191 Lower
983 151 1135 192 World.

150 277 303 314 abstulit
323 285 403 314 atra
422 276 505 313 dies
526 283 564 313 et
584 276 716 312 funere
737 276 867 312 mersit
888 275 1031 313 acerbo
1045 288 1057 322 ;

149 342 220 379 hos
241 342 345 378 iuxta
365 342 459 378 falso
481 341 653 377 damnati
674 341 834 376 crimine
856 340 999 377 mortis.

150 407 235 443 Nec
256 419 346 443 vero
368 407 440 442 hae
462 406 542 442 sine
564 413 665 442 sorte
686 405 813 451 datae,
835 405 915 442 sine
936 404 1076 451 iudice,
1099 405 1236 443 sedes:

148 472 341 520 quaesitor
363 472 494 508 Minos
514 483 650 507 urnam
671 477 802 507 movet
817 483 827 516 3
858 470 919 506 ille
940 470 1119 507 silentum

147 538 432 585 conciliumque
453 543 567 573 vocat
586 536 760 584 vitasque
781 542 820 572 et
840 536 1001 572 crimina
1021 535 1146 577 discit.
1178 573 1182 575 ,
1202 569 1206 573 ,
1237 562 1243 572 ,

149 604 338 639 Proxuma
359 601 503 638 deinde
525 608 659 638 tenent
679 601 815 637 maesti
836 600 934 646 loca,
957 600 1021 648 qui
1042 600 1113 637 sibi
1132 600 1252 637 letum

146 668 316 703 insontes
338 673 523 715 peperere
546 678 674 711 manu,
697 665 904 713 lucemque
926 665 1054 714 perosi

145 733 340 779 proiecere
362 732 520 768 animas.
580 731 711 779 Quam
732 731 872 767 vellent
892 730 1048 766 aethere
1068 730 1107 766 in
1127 729 1204 767 alto

143 809 245 833 nunc
267 804 303 833 et
324 797 551 845 pauperiem
573 804 612 833 et
632 796 748 832 duros
770 795 936 844 perferre
956 795 1105 832 labores
1124 797 1132 832 1

143 862 215 898 Fas
237 862 376 907 obstat,
398 862 589 909 tristisque
612 861 719 909 palus
743 860 957 897 inamabilis
979 859 1106 896 undae

140 927 278 975 alligat,
302 935 339 963 et
360 927 520 963 noviens
542 927 632 974 Styx
654 926 836 962 interfusa
856 926 1022 962 coercet.

194 993 278 1028 Nec
299 992 435 1040 procul
455 992 545 1028 hinc
567 999 713 1039 partem
737 991 807 1027 fusi
829 997 1086 1027 monstrantur
1106 990 1145 1026 in
1165 1002 1324 1027 omnem

138 1057 311 1105 lugentes
333 1058 462 1106 campi
480 1071 486 1093 :
519 1057 573 1093 sic
594 1057 676 1093 illos
698 1057 855 1092 nomine
878 1056 1024 1092 dicunt.

140 1124 229 1168 Hic,
252 1135 349 1171 quos
371 1123 486 1160 durus
507 1135 617 1159 amor
637 1122 781 1158 crudeli
802 1122 890 1158 tabe
912 1120 1073 1170 peredit,

136 1189 273 1225 secreti
294 1189 421 1225 celant
441 1188 556 1224 calles
579 1194 616 1224 et
639 1195 784 1236 myrtea
805 1187 950 1223 circum

136 1253 227 1289 silva
248 1254 366 1301 tegit;
397 1265 511 1289 curae
534 1265 612 1289 non
635 1253 716 1300 ipsa
738 1253 775 1288 in
800 1260 920 1288 morte
943 1252 1175 1300 relinquunt.

141 1319 210 1354 His
234 1318 449 1354 Phaedram
472 1318 722 1365 Procrimque
745 1317 851 1360 locis,
876 1325 1140 1364 maestamque
1164 1316 1372 1365 Eriphylen

137 1382 301 1419 crudelis
325 1383 401 1419 nati
424 1390 702 1419 monstrantem
724 1383 891 1426 volnera,
915 1382 1048 1426 cernit,

137 1447 404 1495 Evadnenque
427 1456 462 1483 et
486 1447 729 1495 Pasiphaen,
761 1447 817 1483 his
842 1446 1054 1483 Laodamia

95 1535 98 1537 -
134 1512 160 1547 it
181 1524 325 1556 comes,
348 1520 385 1548 et
406 1513 550 1548 iuvenis
571 1511 784 1560 quondam,
807 1524 910 1548 nunc
932 1511 1085 1556 femina,
1109 1511 1299 1558 Caeneus,

132 1589 257 1613 rursus
279 1584 315 1613 et
337 1577 375 1613 in
396 1584 566 1613 veterem
588 1577 665 1612 fato
688 1576 859 1612 revoluta
879 1575 1050 1624 figuram.

190 1642 292 1678 [nter
312 1654 406 1689 quas
429 1642 640 1678 Phoenissa
660 1653 796 1677 recens
817 1654 839 1677 a
859 1641 1014 1677 volnere
1038 1639 1144 1677 Dido

131 1707 279 1743 errabat
300 1707 393 1743 silva
413 1707 450 1743 in
474 1719 639 1754 magna,
670 1719 786 1754 quam
809 1707 947 1742 Troius
970 1706 1082 1742 heros

130 1778 171 1807 ut
192 1772 357 1818 primum
380 1771 483 1808 iuxta
506 1772 609 1808 stetit
631 1771 892 1820 adgnovitque
915 1784 983 1820 per
1003 1771 1157 1808 umbras

130 1836 348 1881 obscuram,
371 1836 523 1884 qualem
547 1837 671 1884 primo
694 1837 759 1884 qui
781 1849 934 1884 surgere
955 1849 1087 1873 mense

128 1908 193 1937 aut
213 1901 328 1946 videt,
351 1908 415 1937 aut
435 1901 576 1938 vidisse
599 1908 706 1949 putat
729 1914 797 1949 per
818 1902 948 1938 nubila
968 1902 1110 1948 lunam,

129 1965 283 2002 demisit
304 1966 489 2011 lacrimas,
513 1966 696 2014 dulcique
719 1967 869 2004 adfatus
890 1980 1021 2004 amore
1042 1974 1124 2005 est:

183 2034 191 2049 ‘
207 2031 344 2067 Infelix
367 2031 483 2076 Dido,
506 2044 616 2068 verus
640 2033 733 2068 mihi
756 2034 909 2069 nuntius
931 2045 1021 2081 ergo

127 2103 282 2132 venerat
303 2097 545 2141 exstinctam,
570 2097 745 2145 ferroque
769 2106 940 2135 extrema
959 2099 1161 2137 secutam?

128 2161 286 2197 Funeris
308 2161 381 2197 heu
404 2161 471 2197 tibi
492 2174 607 2198 causa
628 2163 707 2199 fui?
766 2165 836 2199 Per
856 2163 981 2200 sidera
1001 2165 1095 2209 iuro,

127 2237 194 2272 per
214 2238 385 2273 superos,
408 2234 445 2261 et
467 2227 496 2262 si
519 2239 594 2274 qua
615 2227 711 2263 fides
733 2228 864 2264 tellure
886 2229 957 2265 sub
978 2229 1054 2265 ima
1074 2236 1143 2275 est,

126 2291 276 2335 invitus,
298 2292 440 2339 regina,
464 2299 531 2327 tuo
553 2291 601 2327 de
624 2292 732 2328 litore
755 2293 864 2329 cessi.

125 2355 201 2391 Sed
224 2368 284 2391 me
306 2356 408 2392 iussa
428 2355 558 2400 deum,
582 2368 680 2403 quae
703 2369 805 2392 nunc
828 2357 893 2394 has
915 2358 967 2394 ire
988 2370 1057 2405 per
1077 2359 1241 2405 umbras,

125 2432 192 2468 per
213 2420 299 2456 loca
320 2428 430 2457 senta
451 2421 522 2456 situ
545 2428 688 2468 cogunt
710 2429 944 2469 noctemque
966 2423 1211 2470 profundam,

392 2505 434 2525 438
449 2506 535 2533 tristi
556 2528 563 2535 .
585 2527 592 2534 .
613 2527 621 2534 .
642 2506 734 2534 anda.
759 2507 800 2534 H.
1005 2508 1049 2528 443
1065 2512 1194 2538 murtea.
1217 2509 1253 2539 R.

1388 156 1550 200 [AENEID.

1492 348 1549 376 430

1489 673 1544 701 433

1484 999 1542 1025 440

1479 1324 1534 1352 445

1477 1649 1535 1677 450

1473 1975 1529 2004 455
