1690 2734
175 207 214 238 V.
231 206 302 248 48.]
627 199 682 239 W
676 199 828 239 clcome
859 198 909 251 by
940 198 1124 240 Acestes.

175 324 353 372 colligere
374 335 479 359 arma
499 323 602 359 iubet
623 321 832 370 validisque
853 321 1076 359 incumbere
1097 322 1222 369 remis,

174 388 423 436 obliquatque
445 388 547 424 sinus
569 387 607 424 in
627 393 796 432 ventum,
819 399 866 424 ac
888 387 975 423 talia
995 388 1116 424 fatur:

175 456 184 472 ⁴
202 453 448 502 Magnanime
471 455 614 498 Aenea,
636 464 727 497 non,
749 452 779 488 si
800 452 892 488 mibi
914 453 1087 500 Iuppiter
1106 459 1241 489 auctor

173 518 376 567 spondeat,
398 518 472 554 hoc
493 529 645 566 sperem
668 517 815 554 Italiam
839 517 1064 565 contingere
1087 518 1209 555 caelo.

176 583 314 620 Mutati
334 572 546 620 transversa
566 582 732 619 fremunt
753 588 791 618 et
812 594 971 630 vespere
993 582 1042 619 ab
1062 588 1144 619 atro

173 658 407 697 consurgunt
427 648 541 693 venti,
565 654 679 695 atque
701 647 739 683 in
761 647 905 684 nubem
923 647 1072 695 cogitur
1091 647 1166 684 aer.

174 713 258 749 Nec
280 725 350 750 nos
371 713 491 750 obniti
513 719 658 758 contra,
682 724 754 748 nec
776 711 935 748 tendere
957 718 1106 749 tantum

172 777 392 815 sufficimus.
450 779 610 826 Superat
631 778 814 826 quoniam
839 778 1019 823 Fortuna,
1041 789 1258 825 sequamur,

171 855 324 891 quoque
346 849 470 889 vocat,
493 849 683 880 vertamus
704 843 784 880 iter.
845 843 930 879 Nec
952 842 1060 879 litora
1080 842 1194 890 longe

170 907 248 944 fida
267 920 352 944 reor
372 908 535 945 fraterna
556 908 688 956 Erycis
709 914 918 956 portusque
941 907 1112 953 Sicanos,

170 972 199 1009 si
221 973 340 1010 modo
361 973 429 1009 rite
451 985 600 1010 memor
619 980 765 1010 servata
785 973 965 1009 remetior
984 974 1107 1009 astra.'

222 1038 322 1074 Tum
344 1039 428 1087 pius
450 1039 600 1074 Aeneas
618 1053 624 1075 :
658 1041 665 1056 ‘
683 1038 878 1086 Equidem
899 1038 953 1074 sic
976 1049 1137 1086 poscere
1158 1044 1293 1075 ventos

170 1102 397 1140 iamdudum
418 1110 455 1139 et
476 1103 609 1139 frustra
630 1115 746 1139 cerno
767 1109 804 1139 te
825 1102 985 1139 tendere
1008 1109 1166 1139 contra:

169 1167 279 1204 flecte
301 1168 398 1203 viam
421 1167 524 1204 velis.
581 1168 641 1203 An
662 1167 707 1204 sit
728 1167 821 1203 mihi
840 1168 980 1216 gratior
999 1167 1085 1213 ulla,

168 1244 296 1280 quove
318 1233 438 1280 magis
459 1232 576 1269 fessas
596 1240 728 1280 optem
750 1232 951 1269 demittere
972 1244 1102 1278 naves,

168 1309 283 1345 quam
304 1309 402 1345 quae
426 1297 664 1334 Dardanium
685 1297 793 1334 tellus
816 1297 908 1334 mihi
929 1304 1052 1334 servat
1072 1299 1254 1345 Acesten,

168 1368 205 1398 et
224 1362 339 1410 patris
361 1361 552 1398 Anchisae
574 1362 720 1410 gremio
742 1363 1013 1411 complectitur
1033 1364 1171 1400 ossa?'

169 1427 281 1464 Haec
303 1426 367 1463 ubi
389 1426 503 1472 dicta,
525 1433 662 1475 petunt
682 1434 827 1475 portus,
850 1434 887 1464 et
908 1428 992 1464 vela
1012 1427 1175 1465 secundi

166 1490 370 1528 intendunt
389 1491 551 1540 Zephyri
567 1505 577 1538 ,-
608 1492 724 1528 fertur
744 1492 821 1529 cita
840 1492 987 1541 gurgite
1009 1493 1152 1539 classis,

166 1562 204 1592 et
223 1555 381 1592 tandem
402 1556 489 1593 laeti
509 1562 623 1593 notae
644 1551 892 1594 advertuntur
911 1570 1062 1600 arenae.

217 1622 266 1657 At
286 1621 421 1669 procul
441 1633 488 1657 ex
508 1621 612 1658 celso
633 1622 787 1658 miratus
808 1622 950 1659 vertice
973 1623 1113 1660 montis

163 1685 372 1723 adventum
393 1686 594 1734 sociasque
615 1693 726 1733 rates,
748 1688 914 1724 occurrit
933 1689 1106 1735 Acestes,

163 1750 338 1788 horridus
359 1750 397 1787 in
418 1751 548 1788 iaculis
569 1758 606 1788 et
627 1752 725 1800 pelle
749 1752 954 1801 Libystidis
975 1765 1097 1800 ursae,

162 1816 278 1853 Troia
297 1816 449 1854 Criniso
470 1823 705 1865 conceptum
726 1817 884 1855 flumine
905 1825 1027 1855 mater

162 1892 278 1928 quem
298 1881 430 1929 genuit
447 1895 454 1917 ε
485 1887 658 1918 veterum
679 1894 757 1918 non
780 1882 985 1920 immemor
1005 1883 1065 1921 ille
1085 1891 1290 1933 parentum

161 1952 328 1993 gratatur
346 1945 522 1992 reduces,
544 1952 581 1983 et
601 1958 693 1995 gaza
713 1947 834 1985 laetus
855 1948 993 1997 agresti

161 2010 315 2058 excipit,
337 2022 382 2047 ac
403 2011 522 2047 fessos
543 2012 682 2059 opibus
703 2012 845 2050 solatur
864 2013 1009 2051 amicis.

215 2076 372 2112 Postera
391 2088 479 2112 cum
501 2076 624 2124 primo
645 2077 771 2114 stellas
792 2078 951 2116 Oriente
972 2079 1118 2128 fugarat

159 2140 262 2176 clara
281 2139 375 2186 dies,
397 2141 525 2178 socios
546 2142 584 2178 in
606 2149 763 2179 coetum
784 2143 891 2180 litore
913 2143 961 2181 ab
982 2144 1089 2181 omni

159 2203 324 2242 advocat
345 2206 508 2252 Aeneas,
531 2207 744 2255 tumulique
766 2219 814 2244 ex
834 2220 972 2257 aggere
993 2208 1114 2246 fatur:

160 2271 168 2287 ‘
185 2268 430 2307 Dardanidae
452 2272 592 2320 magni,
614 2284 735 2320 genus
755 2272 832 2309 alto
853 2285 876 2309 a
895 2273 1080 2322 sanguine
1102 2273 1246 2321 divom,

158 2345 307 2371 annuus
327 2336 471 2372 exactis
491 2336 708 2385 completur
728 2338 922 2375 mensibus
943 2338 1056 2385 orbis,

158 2410 205 2434 ex
224 2411 302 2446 quo
322 2400 498 2449 reliquias
519 2401 714 2450 divinique
736 2414 822 2439 ossa
842 2403 1008 2450 parentis

158 2461 404 2501 condidimus
424 2471 523 2501 terra
542 2472 783 2514 maestasque
804 2468 1035 2504 sacravimus
1056 2481 1151 2506 aras.

441 2549 470 2570 35
483 2551 610 2579 excelso.
634 2551 674 2579 H.
1011 2552 1039 2573 3⁸
1059 2554 1200 2582 Crimisa.
1225 2554 1265 2582 H.

1536 657 1574 677 20

1534 979 1570 1009 25

1530 1307 1568 1336 30

1526 1632 1564 1663 35

1524 1958 1562 1986 40

1521 2280 1558 2310 45
