1690 2734
145 159 224 209 164
570 168 628 196 VI.
673 154 758 194 lee
788 154 947 193 Lowcr
978 153 990 192 Ι
999 153 1128 194 Vorld.

140 277 305 325 Corripit
326 277 389 314 hic
410 277 534 314 subita
555 276 728 325 trepidus
748 276 953 314 formidine
975 277 1112 313 ferrum

141 344 304 388 Aeneas,
326 342 573 389 strictamque
594 342 719 378 aciem
740 342 980 378 venientibus
1002 342 1122 387 offert,

139 414 188 453 et,
210 408 249 444 ni
270 407 388 444 docta
408 418 540 443 comes
561 412 696 442 tenues
716 406 797 442 sine
820 418 981 453 corpore
1003 406 1095 443 vitas

139 472 349 509 admoneat
370 472 525 508 volitare
548 483 641 507 cava
662 471 732 507 sub
753 471 919 519 imagine
940 471 1097 517 formae,

138 538 273 581 inruat,
296 545 333 573 et
355 537 487 572 frustra
509 536 606 572 ferro
628 535 844 572 diverberet
865 536 1029 572 umbras.

193 603 300 638 Hinc
322 602 392 640 via,
415 601 585 636 Tartarei
607 613 705 648 quae
727 601 798 636 fert
819 600 1048 637 Acherontis
1069 601 1119 637 ad
1141 601 1274 639 undas.

138 666 332 703 Turbidus
355 666 416 701 hie
439 678 562 702 caeno
584 675 765 713 vastaque
786 666 966 714 voragine
987 678 1123 714 gurges

139 739 298 776 aestuat,
321 738 435 778 atque
458 743 615 766 omnem
639 731 790 779 Cocyto
812 737 957 766 eructat
977 743 1144 768 arenam.

142 797 304 832 Portitor
325 796 392 832 has
414 795 627 832 horrendus
648 808 768 843 aquas
789 803 827 832 et
848 795 1005 831 flumina
1025 803 1146 832 servat

139 861 291 897 terribili
314 861 489 908 squalore
514 860 682 906 Charon,
705 861 766 897 cui
788 861 951 909 plurima
970 867 1102 897 mento

140 926 297 962 canities
318 926 461 961 inculta
482 926 606 971 iacet3
638 932 738 962 stant
758 925 901 961 lumina
922 925 1086 971 flamma,

137 991 315 1028 sordidus
346 1003 393 1028 ex
422 992 564 1028 umeris
595 990 702 1026 nodo
724 989 923 1037 dependet
943 991 1117 1027 amictus.

141 1057 229 1103 Ipse
251 1063 371 1091 ratem
394 1063 512 1091 conto
535 1055 687 1103 subigit,
709 1055 878 1102 velisque
895 1055 1092 1101 ministrat,

140 1128 177 1157 et
197 1120 411 1168 ferruginea
431 1120 631 1156 subvectat
653 1132 816 1168 corpora
837 1120 991 1168 cymba,

139 1186 214 1221 iam
237 1186 377 1230 senior,
398 1184 468 1221 sed
490 1184 609 1221 cruda
630 1184 706 1221 deo
728 1184 934 1232 viridisque
955 1192 1146 1222 senectus.

196 1252 288 1286 Huc
310 1250 435 1286 omnis
457 1250 568 1286 turba
588 1249 637 1286 ad
658 1250 759 1297 ripas
782 1249 901 1286 effusa
921 1250 1066 1295 ruebat,

140 1323 278 1352 matres
301 1322 416 1363 atque
437 1316 516 1360 viri,
539 1314 802 1363 defunctaque
825 1327 987 1363 corpora
1007 1315 1083 1351 vita

140 1381 431 1430 magnanimum
453 1380 626 1426 heroum,
649 1380 757 1428 pueri
779 1380 1040 1427 innuptaeque
1063 1380 1227 1428 puellae,

140 1446 385 1493 impositique
407 1446 507 1493 rogis
528 1445 685 1481 iuvenes
707 1451 794 1481 ante
817 1457 881 1480 ora
903 1452 1104 1492 parentum
1122 1458 1128 1480 :

140 1523 255 1558 quam
277 1511 394 1546 multa
416 1511 452 1546 in
474 1510 573 1546 silvis
594 1510 768 1546 autumni
789 1510 924 1557 frigore
946 1509 1070 1556 primo

141 1577 245 1623 lapsa
266 1575 410 1611 cadunt
431 1575 530 1619 folia,
553 1581 617 1611 aut
637 1574 687 1610 ad
708 1581 845 1610 terram
869 1575 1015 1621 gurgite
1036 1574 1085 1610 ab
1106 1574 1183 1610 alto

140 1653 256 1688 quam
278 1641 419 1676 multae
441 1640 700 1687 glomerantur
720 1652 821 1684 aves,
844 1639 907 1675 ubi
929 1638 1085 1686 frigidus
1106 1651 1229 1675 annus

141 1713 241 1742 trans
262 1713 425 1753 pontum
448 1705 564 1752 fugat,
587 1712 624 1741 et
644 1705 749 1741 terris
772 1704 941 1740 immittit
962 1704 1111 1751 apricis.

142 1771 299 1807 Stabant
320 1778 471 1806 orantes
495 1770 604 1817 primi
626 1770 882 1805 transmittere
903 1781 1068 1813 cursum,

141 1835 430 1883 tendebantque
452 1847 587 1871 manus
608 1835 713 1882 ripae
736 1834 923 1870 ulterioris
945 1846 1087 1870 amore.

143 1901 282 1937 Navita
303 1900 370 1936 sed
392 1901 504 1936 tristis
525 1912 629 1936 nunc
650 1900 720 1936 hos
742 1912 845 1935 nunc
868 1899 1007 1947 accipit
1028 1899 1122 1943 illos,

141 1972 198 2002 ast
219 1965 312 2002 alios
333 1965 446 2012 longe
468 1965 667 2001 submotos
689 1971 793 2001 arcet
813 1976 940 2000 arena.

195 2032 358 2073 Aeneas,
381 2031 535 2066 miratus
557 2030 660 2066 enim
682 2038 887 2077 motusque
909 2029 1085 2073 tumultu,

143 2098 151 2113 ⁴
166 2096 238 2132 Dic
255 2097 262 2110 ’
285 2095 336 2131 ait
358 2098 366 2113 ‘
382 2095 417 2132 O
441 2095 558 2143 virgo,
582 2094 675 2142 quid
698 2095 772 2131 volt
795 2107 1005 2130 concursus
1027 2093 1075 2129 ad
1097 2094 1281 2130 amnem?

143 2160 296 2208 Quidve
317 2168 453 2208 petunt
474 2161 637 2204 animae,
659 2160 717 2196 vel
739 2172 816 2207 quo
836 2159 1058 2195 discrimine
1079 2159 1178 2206 ripas

142 2225 213 2261 liae
234 2225 422 2272 linquunt,
445 2225 528 2260 illae
550 2225 663 2260 remis
684 2223 783 2260 vada
803 2224 917 2260 livida
938 2224 1136 2259 verrunt?⁷

144 2290 218 2326 Olli
239 2289 293 2325 sic
315 2289 478 2326 breviter
498 2289 572 2324 fata
593 2296 649 2324 est
670 2289 856 2336 longaeva
878 2288 1058 2325 sacerdos
1076 2302 1082 2324 :

143 2356 152 2372 ‘
173 2354 342 2390 Anchisa
362 2360 555 2401 generate,
578 2353 695 2389 deum
717 2354 929 2389 certissima
950 2353 1088 2401 proles,

144 2419 281 2467 Cocyti
302 2425 435 2466 stagna
456 2417 529 2454 alta
551 2417 655 2453 vides
677 2418 924 2466 Stygiamque
946 2416 1140 2465 paludem,

724 2502 766 2522 303
783 2503 897 2530 cumba.
922 2503 957 2532 R.

1375 158 1537 199 [AENEm.

1485 586 1539 636 295

1485 933 1542 962 300

1487 1258 1542 1286 305

1487 1582 1544 1610 310

1487 1905 1542 1934 315

1486 2220 1552 2258 320¹
