1690 2734
142 164 197 204 42
506 164 532 194 1.
576 153 663 194 lee
694 154 909 208 Landing
940 155 986 195 in
1016 155 1184 209 Africa.
1382 162 1542 205 [AEumn.

143 287 164 310 a
183 281 302 323 tergo,
324 281 363 312 et
383 274 541 325 longum
562 288 631 324 per
650 276 753 313 vallis
774 276 943 325 pascitur
963 290 1114 326 agmen.

142 340 322 377 Constitit
343 339 418 386 hic,
441 353 651 389 arcumque
675 354 790 378 mauu
814 342 1024 390 celerisque
1048 343 1202 392 sagittas

143 405 336 453 corripuit,
357 405 456 443 fidus
479 418 578 454 quae
601 406 677 443 tela
698 407 854 454 gerebat
877 407 1043 444 Achates
1061 421 1069 452 3

141 469 398 518 ductoresque
420 471 523 519 ipsos
546 472 723 520 primum,
748 472 876 520 capita
896 472 971 508 alta
990 473 1144 510 ferentis

140 535 320 572 cornibus
342 536 521 582 arboreis,
544 537 687 583 sternit,
712 543 793 573 tum
814 537 960 585 volgus,
983 544 1020 574 et
1040 550 1197 575 omnem

139 601 274 637 miscet
295 613 411 648 agens
432 602 515 638 telis
536 614 696 639 nemora
717 603 814 639 inter
835 602 996 639 frondea
1016 603 1166 640 turbam
1183 617 1193 650 3

138 677 212 701 nec
232 666 335 713 prius
357 666 514 712 absistit,
537 680 651 716 quam
675 674 826 716 septem
850 668 1020 716 ingentia
1040 668 1162 705 victor

139 741 301 778 corpora
321 731 456 768 fundat
477 731 593 777 humi,
617 739 654 769 et
676 745 880 770 numerum
906 746 995 770 cum
1016 734 1176 770 navibus
1197 741 1348 782 aequet.

140 796 246 831 Hinc
267 803 421 843 portum
442 798 549 845 petit,
571 804 609 834 et
629 799 755 835 socios
778 799 935 846 partitur
956 799 994 835 in
1016 811 1165 836 omues,

137 861 236 896 Vina
255 861 379 898 bonus
401 874 499 910 quae
520 862 663 900 deinde
684 863 790 901 cadis
812 871 987 901 onerarat
1010 866 1170 902 Acestes

137 925 244 962 litore
266 927 464 964 Trinacrio
486 927 723 977 dederatque
745 930 976 968 abeuntibus
1000 931 1124 977 heros,

139 989 285 1036 dividit,
308 998 345 1027 et
367 991 478 1029 dictis
499 994 709 1031 maerentia
729 1002 889 1043 pectora
911 996 1053 1033 mulcet
1071 1012 1077 1034 :

194 1058 203 1074 ⁴
218 1056 253 1093 O
275 1056 369 1092 socii
384 1078 438 1083 --
454 1070 581 1106 neque
603 1059 706 1095 enim
727 1059 846 1107 ignari
870 1073 998 1098 sumus
1022 1069 1110 1099 aute
1133 1063 1321 1100 malorum
1337 1086 1389 1091 —

139 1121 174 1158 O
196 1122 297 1168 passi
316 1122 499 1169 graviora,
522 1122 630 1160 dabit
650 1123 744 1160 deus
766 1125 823 1162 his
846 1137 1002 1174 quoque
1025 1127 1155 1165 finem.

136 1186 215 1222 Vos
236 1193 273 1222 et
294 1187 504 1235 Scyllaeam
525 1188 671 1225 rabiem
692 1190 923 1239 penitusque
945 1193 1117 1230 sonantis

137 1251 299 1288 accestis
320 1252 513 1300 scopulos,
535 1265 602 1290 vos
624 1260 661 1290 et
683 1254 881 1304 Cyclopea
901 1269 991 1293 saxa

137 1316 308 1363 experti:
340 1324 517 1354 revocate
539 1319 700 1365 animos,
723 1328 990 1370 maestumque
1014 1323 1193 1361 timorem

138 1381 273 1417 mittite
292 1395 299 1418 :
330 1381 457 1418 forsan
480 1390 517 1419 et
538 1383 633 1420 haec
656 1385 746 1421 olim
770 1387 992 1424 meminisse
1014 1389 1167 1426 iuvabit.

138 1446 210 1481 Per
229 1447 352 1484 varios
374 1459 496 1493 casus,
519 1460 588 1496 per
608 1455 664 1486 tot
686 1449 909 1488 discrimina
930 1465 1057 1490 rerum

136 1510 331 1548 tendimus
353 1512 390 1548 iu
413 1513 588 1558 Latium3
620 1514 732 1551 sedes
754 1516 819 1553 ubi
841 1517 916 1553 sata
937 1519 1086 1566 quietas

137 1576 372 1622 osteuduut;
404 1578 477 1614 illic
499 1579 552 1615 fas
573 1592 691 1628 regna
711 1593 905 1629 resurgere
927 1584 1078 1621 Troiae.

137 1641 294 1687 Durate,
316 1649 354 1678 et
374 1651 523 1679 vosmet
543 1644 655 1680 rebus
677 1654 822 1682 servate
847 1648 1054 1685 secundis)

188 1706 296 1742 Talia
316 1719 411 1744 voce
433 1708 557 1754 refert,
580 1710 757 1758 curisque
780 1712 998 1759 ingentibus
1020 1726 1134 1762 aeger

136 1782 244 1818 spem
265 1772 368 1808 voltu
390 1772 552 1819 simulat,
575 1775 712 1822 premit
733 1776 852 1812 altum
875 1777 992 1814 corde
1015 1778 1202 1817 dolorem.

138 1836 197 1871 Illi
217 1848 256 1872 se
279 1837 445 1884 praedae
468 1838 687 1886 accingunt,
711 1840 954 1890 dapibusque
976 1843 1133 1890 futuris;

135 1907 284 1948 tergora
305 1901 497 1950 deripiunt
518 1905 634 1940 costis
655 1911 693 1941 et
714 1906 859 1942 viscera
880 1907 1028 1944 nudant
1046 1923 1053 1954 3

136 1977 220 2012 pars
242 1966 279 2002 in
301 1966 416 2003 frusta
436 1975 568 2004 secant
588 1970 816 2018 veribusque
841 1974 1043 2009 trementia
1063 1974 1182 2021 figunt
1199 1988 1206 2019 3

135 2030 243 2066 litore
264 2031 361 2067 aena
380 2032 509 2068 locant
530 2033 602 2078 alii,
625 2033 874 2083 flammasque
898 2037 1122 2075 ministrant.

135 2096 236 2131 Tum
256 2096 359 2132 victu
379 2104 561 2134 revocant
581 2099 688 2139 vires,
712 2100 860 2148 fusique
883 2113 951 2149 per
971 2102 1129 2139 herbam

135 2160 342 2208 implentur
361 2163 497 2198 veteris
520 2164 664 2200 Bacchi
687 2166 915 2214 pinguisque
939 2167 1091 2205 ferinae.

136 2225 344 2272 Postquam
365 2235 546 2275 exempta
567 2229 687 2266 fames
709 2231 830 2278 epulis
853 2244 1088 2281 mensaeque
1110 2242 1292 2281 remotae,

134 2290 294 2327 amissos
316 2291 430 2339 longo
452 2294 578 2330 socios
600 2307 778 2332 sermone
799 2297 1005 2345 requirunt,

135 2367 321 2403 spemque
343 2364 565 2405 metumque
588 2359 685 2395 inter
705 2359 823 2406 dubii,
847 2374 913 2398 seu
934 2362 1058 2399 vivere
1082 2363 1252 2410 credant,

135 2421 212 2457 sive
234 2429 405 2458 extrema
425 2423 502 2470 pati
523 2436 596 2460 nec
617 2424 692 2461 iam
714 2426 894 2463 exaudire
915 2435 1087 2465 vocatos.

363 2507 406 2527 2⁰1
429 2508 576 2545 Cyclopia.
602 2510 642 2537 H.
1059 2512 1244 2550 2⁰3f0rsam.
1268 2515 1304 2544 R.

1489 545 1542 574 190

1488 871 1541 901 195

1484 1202 1540 1222 200

1483 1853 1538 1873 210

1483 2177 1536 2206 215
1558 2205 1561 2208 .
