1690 2734
130 228 206 266 108
457 235 514 265 1V.
548 223 797 275 Deparlm'e
814 222 939 274 from
968 219 1193 273 Carthage.

123 348 279 396 indulge
302 347 483 395 hospitio,
506 357 719 392 causasque
742 344 896 380 innecte
919 341 1107 388 morandi,

124 413 217 450 dum
237 412 376 461 pelago
399 411 571 448 desaevit
592 409 743 457 hiemps
765 415 802 445 et
823 420 990 456 aquosus
1012 407 1147 452 Orion,

123 485 404 526 quassataeque
426 476 539 520 rates,
561 474 655 511 dum
676 486 756 510 non
777 473 974 519 tractabile
997 472 1172 508 caelum.’

178 543 252 580 His
274 542 385 579 dictis
408 541 611 578 incensum
633 539 805 575 animum
827 537 1076 574 inflammavit
1096 548 1240 582 amore,

123 620 312 657 spemque
334 606 444 643 dedit
464 605 605 642 dubiae
629 604 762 650 menti,
786 604 974 651 solvitque
998 601 1201 651 pudorem.

126 673 317 721 Principio
339 671 500 708 delubra
521 669 678 715 adeunt,
702 680 920 718 pacemque
945 680 1013 716 per
1033 679 1115 703 aras

124 738 326 786 exquirunt
342 751 352 783 ,-
384 742 555 773 mactant
576 736 694 771 lectas
716 734 765 771 de
788 746 894 771 more
915 733 1082 770 bidentis

124 803 300 851 legiferae
322 802 453 839 Cereri
476 801 714 848 Phoeboque
738 800 913 848 patrique
937 800 1078 847 Lyaeo,

126 868 266 904 Iunoni
287 874 375 903 ante
397 866 535 912 omnis,
559 865 621 902 cui
640 865 766 901 vincla
785 865 922 913 iugalia
943 876 1070 901 curae.

126 934 226 981 Ipsa,
249 939 385 969 tenens
407 931 541 968 dextra
561 937 746 979 pateram,
768 928 1025 978 pulcherrima
1049 928 1155 966 Dido

124 997 326 1034 candentis
347 1008 489 1033 vaccae
510 995 640 1032 media
663 995 761 1032 inter
781 1007 927 1031 cornua
947 994 1084 1040 fundit,

124 1070 189 1099 aut
209 1070 298 1099 ante
320 1074 387 1099 ora
407 1061 524 1098 deum
546 1061 698 1109 pinguis
721 1060 904 1108 spatiatur
926 1059 975 1096 ad
996 1072 1092 1105 aras,

81 1123 85 1127 ’
124 1128 382 1175 instauratque
404 1126 508 1163 diem
531 1125 656 1171 donis,
678 1124 955 1174 pecudumque
976 1124 1133 1162 reclusis

125 1193 345 1241 pectoribus
366 1192 516 1229 inhians
537 1191 719 1239 spirantia
739 1190 910 1241 consulit·
925 1197 1023 1227 exta.

180 1259 273 1295 Heu
292 1265 422 1294 vatum
444 1257 598 1305 ignarae
620 1262 769 1292 mentes
789 1258 795 1292 1
826 1255 921 1304 quid
941 1262 1030 1292 vota
1051 1256 1255 1302 furentem,

125 1323 217 1372 quid
239 1323 400 1360 delubra
420 1322 578 1359 iuvant?
636 1321 705 1358 Est
726 1321 849 1357 mollis
871 1320 1025 1357 flamma
1045 1320 1231 1357 medullas

124 1389 281 1433 interea,
303 1394 340 1424 et
362 1388 521 1431 tacitum
541 1386 632 1423 vivit
652 1386 723 1422 sub
743 1392 902 1434 pectore
923 1386 1069 1422 volnus.

125 1453 255 1491 Uritur
275 1453 405 1489 infelix
427 1451 544 1497 Dido,
567 1458 725 1499 totaque
747 1457 903 1499 vagatur

125 1519 216 1555 urbe
238 1518 377 1562 furens,
400 1517 521 1565 qualis
544 1516 723 1553 coniecta
743 1528 856 1552 cerva
877 1516 1025 1564 sagitta,

125 1596 241 1631 quam
262 1582 396 1631 procul
417 1582 611 1618 incautam
632 1593 791 1617 nemora
812 1581 910 1616 inter
931 1580 1064 1617 Cresia
1083 1580 1163 1617 fixit

125 1658 254 1697 pastor
274 1660 390 1696 agens
412 1647 507 1692 telis,
529 1647 714 1694 liquitque
735 1646 886 1687 volatile
908 1645 1047 1682 ferrum

125 1713 303 1759 nescius3
334 1713 395 1748 illa
415 1713 503 1760 fuga
523 1712 633 1748 silvas
655 1711 850 1758 saltusque
872 1718 1045 1760 peragrat

127 1779 310 1815 Dictaeos
328 1791 336 1824 3
368 1777 498 1814 haeret
519 1777 624 1812 lateri
645 1776 765 1812 letalis
787 1775 948 1812 arundo.

127 1844 243 1880 Nunc
264 1842 394 1879 media
414 1844 574 1879 Aenean
595 1854 728 1878 secum
752 1854 821 1889 per
844 1842 998 1877 moenia
1018 1841 1136 1887 ducit,

126 1908 380 1956 Sidoniasque
402 1914 569 1944 ostentat
590 1919 684 1955 opes
706 1907 918 1954 urbemque
942 1894 1113 1955 paratam
1129 1920 1138 1953 3

125 1973 259 2021 incipit
279 1972 395 2018 effari,
417 1972 623 2020 mediaque
646 1972 683 2008 in
705 1984 801 2008 voce
825 1972 963 2008 resistit
979 1986 988 2018 3

125 2051 228 2075 nunc
251 2037 389 2074 eadem
410 2037 561 2074 labente
584 2037 646 2073 die
670 2037 846 2073 convivia
867 2037 1025 2084 quaerit,

127 2104 343 2151 Iliacosque
366 2103 502 2139 iterum
524 2101 686 2138 demens
708 2101 839 2138 audire
861 2101 1012 2138 labores

126 2169 313 2217 exposcit,
335 2167 559 2216 pendetque
581 2167 718 2204 iterum
739 2168 924 2203 narrantis
946 2167 995 2204 ab
1016 2179 1094 2203 ore.

128 2235 229 2279 Post,
252 2234 316 2270 ubi
337 2233 510 2281 digressi,
532 2233 740 2280 lumenque
764 2232 929 2268 obscura
948 2232 1114 2269 vicissim

125 2299 215 2336 luna
234 2299 375 2347 premit
396 2298 639 2346 suadentque
662 2297 841 2334 cadentia
861 2297 986 2334 sidera
1006 2309 1179 2344 somnos,

126 2364 206 2400 sola
227 2363 346 2400 domo
369 2370 512 2399 maeret
533 2375 668 2408 vacua,
693 2363 896 2410 stratisque
918 2362 1057 2399 relictis

125 2429 294 2475 incubat,
315 2429 420 2465 illum
441 2428 583 2473 absens
603 2428 802 2465 absentem
824 2427 1009 2475 auditque
1025 2426 1206 2475 videtque
1219 2441 1231 2474 ,-

125 2501 190 2530 aut
210 2494 357 2542 gremio
379 2493 602 2538 Ascanium,
624 2493 808 2540 genitoris
830 2492 996 2540 imagine
1019 2497 1143 2539 capta,

603 2577 631 2599 54
647 2578 987 2615 impenso,flammavil.
1011 2578 1047 2607 R.

1362 222 1522 265 [AENEm.

1489 605 1526 637 55

1489 1588 1528 1615 70

1488 1911 1526 1941 75

1488 2228 1526 2257 80
