1690 2734
151 184 207 215 IV.
226 183 317 225 667]
382 175 540 216 Dz‘do's
567 174 727 216 Czcrse:
764 176 852 216 Slce
875 176 1024 229 Longs
1043 177 1128 229 for
1156 176 1312 217 Deatlc.

152 303 161 319 ‘
178 302 331 338 Annam
353 311 441 336 cara
460 298 554 336 mihi
575 298 701 336 nutrix
721 298 796 335 huc
818 299 906 335 siste
929 311 1099 336 sororem
1115 312 1126 346 3

151 365 214 403 dic
236 377 376 413 corpus
397 370 579 412 properet
599 363 736 400 fluviali
758 375 934 412 spargere
955 364 1122 413 lympha,

151 437 189 468 et
209 430 382 479 pecudes
403 442 537 467 secum
559 435 596 466 et
617 435 827 466 monstrata
849 429 1000 477 piacula
1021 429 1160 467 ducat:

150 497 204 533 sic
225 496 377 542 veniat3
408 502 527 543 tuque
549 495 632 543 ipsa
652 495 716 543 pia
736 501 822 543 tege
847 501 1022 542 tempora
1042 495 1146 532 vitta.

151 563 266 600 Sacra
288 560 369 597 Iovi
391 560 531 609 Stygio,
554 571 652 608 quae
673 559 742 596 rite
764 559 920 608 incepta
943 560 1086 608 paravi,

150 627 336 677 perficere
358 631 415 662 est
434 613 597 671 animus,
618 624 815 672 finemque
838 625 1038 673 imponere
1061 627 1172 673 curis,

153 692 417 740 Dardaniique
438 702 574 739 rogum
597 690 732 739 capitis
755 691 978 738 permittere
1001 691 1204 729 flammae!

151 758 211 795 Sic
233 758 308 794 ait:
340 756 402 793 illa
421 755 585 805 gradum
606 755 735 792 studio
757 756 950 793 celerabat
971 757 1072 794 anili.

206 824 255 860 At
274 821 438 871 trepida,
461 828 498 858 et
518 821 668 869 coeptis
690 821 923 859 immanibus
958 822 1073 859 effera
1098 822 1217 869 Dido,

152 888 403 937 sanguineam
422 887 580 924 volvens
601 886 737 932 aciem,
762 887 999 935 maculisque
1023 888 1221 925 trementis

152 953 335 990 interfusa
354 965 484 1002 genas,
506 958 544 989 et
564 951 707 1000 pallida
727 959 849 989 morte
871 952 1006 999 futura,

152 1019 333 1056 interiora
352 1018 492 1055 domus
513 1017 697 1066 inrumpit
718 1017 859 1063 limina,
881 1024 920 1054 et
939 1018 1034 1055 altos

154 1083 384 1121 conscendit
404 1081 610 1120 furibunda
630 1094 756 1130 rogos,
780 1094 992 1131 ensemque
1013 1083 1178 1121 recludit

100 1140 107 1148 ’
155 1148 407 1194 Dardanium,
428 1160 508 1185 non
529 1147 599 1184 hos
621 1147 837 1195 quaesitum
858 1160 996 1185 munus
1017 1149 1056 1185 in
1076 1162 1177 1187 usus.

156 1214 246 1261 Hic,
268 1220 474 1262 postquam
496 1213 633 1250 Iliacas
654 1219 779 1249 vestes
801 1219 1014 1261 notumque
1036 1214 1162 1252 cubile

154 1279 368 1328 conspexit,
390 1278 547 1327 paulum
568 1277 734 1314 lacrimis
756 1284 794 1314 et
813 1284 943 1315 mente
966 1286 1124 1326 morata,

154 1344 404 1392 incubuitque
425 1349 521 1389 toro,
544 1342 717 1391 dixitque
738 1343 946 1380 novissima
965 1345 1080 1381 verba
1097 1359 1104 1382 :

209 1411 218 1428 ‘
236 1409 379 1446 Dulces
401 1408 573 1453 exuviae,
596 1407 690 1444 dum
712 1407 789 1444 fata
810 1407 983 1456 deusque
1005 1410 1194 1457 sinebant,

154 1475 317 1523 accipite
339 1474 439 1510 hanc
460 1473 641 1519 animam,
665 1485 806 1521 meque
829 1473 886 1510 his
909 1475 1093 1512 exsolvite
1115 1476 1227 1514 curis.

154 1540 253 1585 Vixi,
278 1546 326 1585 et,
349 1550 465 1587 quem
487 1537 649 1575 dederat
672 1550 825 1575 cursum
849 1539 1012 1585 fortuna,
1035 1541 1179 1589 peregi,

156 1612 193 1641 et
213 1616 315 1641 nunc
337 1615 477 1651 magna
496 1602 573 1639 mei
594 1603 664 1640 sub
686 1609 803 1640 terras
825 1603 893 1640 ibit
913 1604 1053 1653 imago.

155 1670 303 1708 Urbem
323 1668 560 1718 praeclaram
581 1668 694 1705 statui
710 1681 720 1714 3
752 1680 840 1705 mea
859 1670 1016 1706 moenia
1035 1669 1113 1707 vidi
1128 1684 1139 1718 3

155 1735 233 1772 ulta
252 1735 385 1780 virum,
405 1746 552 1782 poenas
573 1733 731 1770 inimico
753 1746 775 1770 a
795 1734 905 1771 fratre
926 1735 1057 1783 recepi
1072 1748 1083 1782 ;

156 1800 254 1845 felix,
276 1799 351 1836 heu
370 1799 533 1836 nimium
554 1798 654 1844 felix,
679 1799 708 1835 si
729 1799 838 1835 litora
858 1805 1007 1836 tantum

157 1877 369 1913 numquam
390 1863 611 1901 Dardaniae
633 1864 846 1912 tetigissent
868 1871 999 1901 nostra
1019 1866 1172 1903 carinae
1192 1869 1198 1903 ἔ
1215 1868 1223 1883 '

212 1930 329 1976 Dixit,
352 1936 401 1976 et,
423 1942 465 1967 os
488 1930 677 1978 impressa
699 1936 795 1975 toro,
820 1932 827 1947 ‘
847 1930 1062 1967 Moriemur
1082 1931 1235 1977 inultae,

157 1996 225 2034 sed
248 1996 480 2034 moriamur’
503 1995 565 2032 ait.
625 1997 634 2014 ‘
648 1995 722 2042 Sic,
745 1995 799 2032 sic
822 1995 923 2032 iuvat
945 1995 997 2032 ire
1018 1997 1089 2033 sub
1110 1997 1290 2034 umbras:

160 2061 324 2099 Hauriat
343 2061 446 2098 hunc
467 2061 588 2098 oculis
610 2061 739 2110 ignem
761 2060 927 2097 crudelis
949 2061 998 2098 ab
1018 2061 1095 2098 alto

160 2126 374 2172 Dardanus,
397 2133 434 2163 et
454 2133 606 2163 nostrae
629 2138 764 2163 secum
785 2126 880 2163 ferat
901 2126 1033 2163 omina
1053 2128 1211 2165 mortis.’

162 2192 318 2228 Dixerat
334 2205 342 2237 ;
373 2198 488 2240 atque
509 2191 612 2228 illam
633 2190 763 2228 media
782 2191 881 2228 inter
900 2191 989 2228 talia
1008 2191 1107 2229 ferro

160 2257 382 2305 conlapsam
403 2257 595 2305 aspiciunt
617 2257 792 2303 comites,
815 2268 1026 2304 ensemque
1049 2269 1182 2295 cruore

160 2328 416 2370 spumantem,
438 2334 664 2371 sparsasque
685 2334 833 2359 manus
894 2323 928 2359 It
949 2322 1095 2359 clamor
1114 2322 1164 2360 ad
1184 2323 1260 2361 alta

161 2388 254 2424 atria
269 2401 279 2434 3
310 2399 541 2424 concussam
561 2387 772 2424 bacchatur
794 2387 914 2424 Fama
932 2399 1001 2436 per
1020 2387 1166 2426 urbem.

164 2451 360 2489 Lamentis
380 2452 601 2501 gemituque
623 2458 661 2489 et
681 2452 849 2490 femineo
870 2452 1014 2489 ululatu

494 2536 536 2558 ⁶39
545 2537 728 2575 perficere-vt,
744 2546 789 2572 so,
804 2537 896 2572 often,
911 2538 967 2566 but
983 2542 1037 2566 not
1053 2538 1174 2574 always.
1199 2539 1234 2567 R.

1475 190 1548 230 125

1500 693 1555 729 640

1502 1345 1557 1382 650

1505 1998 1560 2025 660

1506 2323 1561 2358 665
