1690 2734
191 178 254 209 ΙΙΙ.
272 175 364 218 664]
738 170 823 210 Tlce
858 170 1039 223 Cyclops.
1509 184 1582 223 103

189 294 380 332 cervicem
401 293 579 331 inflexam
597 294 736 342 posuit,
758 294 950 342 iacuitque
972 306 1039 342 per
1059 300 1210 332 antrum

189 359 411 404 immensus,
433 360 579 396 saniem
600 365 777 395 eructans
799 365 837 394 et
858 358 974 395 frusta
995 365 1155 395 cruento

188 436 257 472 per
276 428 456 460 somnum
477 423 689 460 commixta
708 435 826 468 mero,
848 435 919 460 nos
941 436 1080 471 magna
1100 425 1246 471 precati

188 489 347 525 numina
367 489 563 536 sortitique
585 489 700 533 vices,
722 501 798 525 una
818 487 989 536 undique
1011 488 1157 524 circum

188 553 395 599 fundimur,
418 560 455 590 et
475 553 552 590 telo
573 553 702 590 lumen
723 553 959 590 terebramus
980 559 1107 599 acuto,
1121 575 1173 579 —
1532 554 1586 590 635

188 619 334 667 ingens,
357 618 462 667 quod
483 625 589 655 torva
609 619 733 655 solum
755 619 825 655 sub
848 619 969 655 fronte
992 619 1144 664 latebat,

189 684 354 732 Argolici
375 683 488 731 clipei
509 690 572 720 aut
595 683 799 720 Phoebeae
824 683 1012 731 lampadis
1035 684 1162 729 instar,
1176 706 1228 710 —-

188 755 226 785 et
246 748 404 785 tandem
425 748 512 785 laeti
533 748 728 785 sociorum
749 748 968 784 ulciscimur
989 748 1154 786 umbras.

188 812 265 850 Sed
286 813 414 861 fugite,
437 813 472 850 O
495 812 633 858 miseri,
656 813 784 861 fugite,
807 819 922 861 atque
944 813 991 850 ab
1012 813 1119 849 litore
1142 814 1273 850 funem

187 878 365 926 rumpite.
1532 877 1588 913 640

189 944 290 980 Nam
312 944 432 992 qualis
453 949 697 992 quantusque
719 956 814 980 cavo
838 943 1096 992 Polyphemus
1118 944 1156 980 in
1178 951 1285 981 antro

187 1011 372 1060 lanigeras
394 1011 537 1048 claudit
558 1011 731 1060 pecudes
752 1017 867 1060 atque
890 1011 1008 1048 ubera
1028 1018 1185 1059 pressat,

188 1083 345 1113 centum
365 1076 426 1112 alii
447 1089 561 1112 curva
582 1076 677 1112 haec
699 1076 871 1113 habitant
891 1076 941 1113 ad
962 1077 1071 1113 litora
1089 1077 1201 1125 volgo

187 1140 331 1177 infandi
354 1141 559 1189 Cyclopes,
583 1148 619 1177 et
639 1141 722 1177 altis
744 1142 938 1178 montibus
961 1147 1097 1178 errant.
1138 1132 1139 1136 Ἰ

186 1207 316 1243 Tertia
336 1207 411 1243 iam
432 1206 544 1243 lunae
567 1219 606 1243 se
629 1219 774 1244 cornua
795 1207 937 1244 lumine
960 1208 1170 1256 complent,
1531 1208 1586 1245 645

189 1284 276 1308 cum
298 1272 412 1308 vitam
435 1271 472 1308 in
494 1271 593 1308 silvis
614 1272 711 1309 inter
732 1271 885 1309 deserta
907 1273 1070 1309 ferarum

188 1337 303 1373 lustra
323 1336 541 1384 domosque
563 1336 685 1382 traho,
708 1344 913 1386 vastosque
935 1338 983 1375 ab
1003 1351 1097 1386 rupe
1120 1339 1311 1388 Cyclopas

187 1401 393 1450 prospicio,
415 1402 661 1450 sonitumque
684 1402 829 1450 pedum
850 1415 1065 1452 vocemque
1087 1410 1290 1441 tremesco.

186 1467 342 1503 Victum
362 1467 569 1514 infelicem,
591 1469 705 1505 bacas
729 1469 982 1518 lapidosaque
1004 1482 1135 1515 corna,

187 1532 280 1570 dant
300 1533 408 1578 rami,
431 1540 467 1570 et
488 1533 601 1571 volsis
622 1541 788 1582 pascunt
808 1534 1001 1572 radicibus
1024 1535 1177 1572 herbae.
1532 1536 1589 1572 650

189 1600 332 1638 Omnia
352 1600 602 1646 conlustrans,
627 1600 725 1637 hanc
749 1601 916 1649 primum
938 1600 987 1637 ad
1008 1601 1118 1637 litora
1139 1601 1300 1638 classem

187 1666 371 1714 conspexi
393 1666 624 1703 venientem.
685 1667 791 1702 Huic
813 1679 887 1711 me,
910 1678 1180 1714 quaecumque
1201 1667 1344 1711 fuisset,

187 1731 317 1767 addixi
335 1746 340 1767 :
374 1732 462 1768 satis
483 1738 539 1768 est
560 1738 714 1780 gentem
737 1731 912 1780 effugisse
934 1731 1154 1769 nefandam.

186 1799 266 1835 Vos
287 1799 453 1836 animam
476 1799 575 1836 hanc
597 1798 723 1847 potius
745 1810 993 1845 quocumque
1016 1797 1204 1834 absumite
1227 1798 1329 1834 leto.’

240 1865 314 1900 Vix
334 1877 379 1901 ea
400 1865 496 1901 fatus
518 1871 608 1909 erat,
633 1875 784 1900 summo
806 1874 895 1899 cum
917 1869 1048 1899 monte
1070 1862 1246 1900 videmus
1532 1863 1586 1900 655

187 1929 312 1977 ipsum
334 1930 430 1966 inter
450 1928 623 1977 pecudes
645 1935 750 1965 vasta
770 1940 810 1965 se
832 1928 933 1964 mole
957 1934 1180 1964 moventem

187 2001 381 2042 pastorem
406 1994 685 2042 Polyphemum
707 2001 745 2030 et
766 1993 875 2030 litora
895 2001 988 2030 nota
1008 2001 1219 2042 petentem,

188 2066 400 2096 monstrum
423 2058 672 2104 horrendum,
696 2059 871 2104 informe,
894 2059 1041 2107 ingens,
1065 2060 1127 2096 cui
1148 2060 1278 2097 lumen
1299 2058 1540 2109 ademptum.

186 2124 341 2160 Trunca
361 2136 475 2160 manu
498 2124 609 2172 pinus
630 2124 726 2171 regit
748 2130 786 2160 et
806 2124 964 2172 vestigia
985 2125 1134 2169 firmat3

187 2189 376 2237 lanigerae
399 2189 630 2225 comitantur
650 2200 741 2225 oves
755 2210 807 2214 —
821 2200 867 2225 ea
887 2188 968 2225 sola
988 2189 1164 2238 voluptas
1533 2189 1588 2217 660

187 2254 436 2301 solamenque
458 2254 559 2290 mali.

188 2319 397 2365 Postquam
418 2319 514 2355 altos
535 2318 656 2366 tetigit
678 2318 813 2355 fluctus
836 2325 873 2356 et
893 2318 942 2356 ad
964 2332 1132 2368 aequora
1153 2320 1267 2366 venit,

186 2381 342 2419 luminis*
358 2382 485 2419 effossi
506 2382 665 2419 fluidum
687 2383 775 2419 lavit
796 2383 886 2420 inde
909 2396 1097 2430 cruorem,

187 2445 367 2483 dentibus
388 2446 609 2483 infrendens
630 2447 787 2495 gemitu,
810 2448 1054 2496 graditurque
1078 2461 1146 2497 per
1169 2461 1312 2496 aequor

758 2533 799 2553 663
806 2534 975 2570 fluvida-m.
999 2534 1035 2563 R.
