1690 2734
116 190 173 223 IV.
193 187 284 233 530-]
494 179 534 222 A
568 177 766 221 Funeral
793 176 895 219 Pz'le
927 174 966 217 is
998 175 1137 217 Bm'lt.

115 316 256 345 cuncta
276 307 344 343 viri
365 310 617 343 monumenta
638 304 752 349 iuvat,
774 306 1037 348 monstratque
1058 298 1265 336 sacerdos!

118 374 230 410 Haec
252 372 366 408 effata
386 371 470 408 silet
485 384 495 417 3
526 370 646 418 pallor
666 367 778 405 simul
798 371 966 414 occupat
987 376 1064 401 ora.

116 438 207 474 Non
228 443 356 473 tamen
379 438 492 473 Anna
511 435 619 471 novis
641 439 864 482 praetexere
886 431 1019 467 funera
1038 429 1154 466 sacris

115 514 338 551 germanam
359 500 492 546 credit,
515 512 589 536 nec
609 504 736 536 tantos
758 502 888 534 mente
909 496 1054 532 furores

116 567 298 615 concipit,
322 573 386 602 aut
407 565 581 614 graviora
601 564 721 609 timet,
743 574 860 610 quam
881 565 1003 597 morte
1026 557 1210 607 Sychaei:

116 644 206 680 ergo
227 632 328 668 iussa
348 636 466 678 parat.

170 698 219 733 At
239 696 380 744 regina,
403 707 497 744 pyra
517 693 703 743 penetrali
723 692 762 729 in
783 690 876 728 sede
897 689 967 727 sub
988 700 1096 726 auras

116 767 245 798 erecta
265 760 410 809 ingenti
432 758 554 796 taedis
577 765 692 806 atque
715 757 800 794 ilice
822 762 939 801 secta,

116 824 358 873 intenditque
380 825 509 861 locum
531 824 652 868 sertis,
675 828 713 859 et
734 820 870 858 fronde
892 825 1053 857 coronat

116 891 274 927 funerea
291 904 299 935 3
330 901 446 937 super
465 889 619 926 exuvias
641 898 852 934 ensemque
873 885 1048 921 relictum

117 955 360 1003 effigiemque
382 960 466 990 toro
487 954 601 998 locat,
623 951 727 989 haud
749 952 878 1000 ignara
899 950 1024 987 futuri.

117 1021 224 1057 Stant
243 1031 329 1056 arae
352 1019 510 1063 circum,
533 1024 571 1054 et
591 1017 714 1054 crines
736 1016 855 1053 effusa
875 1014 1054 1053 sacerdos

116 1091 175 1121 ter
195 1090 351 1121 centum
371 1089 480 1121 tonat
501 1095 566 1119 ore
588 1082 696 1128 deos,
720 1082 967 1130 Erebumque
989 1081 1209 1129 Chaosque,

116 1149 446 1198 tergeminamque
471 1149 664 1193 Hecaten,
685 1147 756 1184 tria
774 1147 926 1196 virginis
946 1159 1013 1184 ora
1035 1147 1196 1183 Dianae.

119 1215 313 1263 Sparserat
333 1221 371 1250 et
391 1214 523 1251 latices
544 1213 740 1250 simulatos
761 1212 875 1249 fontis
896 1212 1048 1257 Averni,

118 1279 276 1317 falcibus
298 1285 335 1316 et
355 1291 505 1316 messae
527 1278 577 1316 ad
598 1279 728 1315 lunam
749 1284 982 1326 quaeruntur
1001 1277 1107 1314 ae'nis

119 1345 310 1394 pubentes
331 1345 472 1382 herbae
493 1344 589 1392 nigri
610 1356 699 1380 curn
720 1343 819 1380 lacte
840 1343 978 1380 veneni
995 1355 1003 1386 ς

122 1411 315 1459 quaeritur
335 1416 373 1447 et
393 1409 585 1446 nascentis
606 1408 695 1457 equi
716 1407 766 1445 de
787 1408 911 1445 fronte
932 1408 1102 1446 revolsus

119 1483 156 1513 et
178 1476 287 1512 matri
306 1481 530 1524 praereptus
551 1485 669 1510 amor.

121 1542 213 1590 Ipsa
232 1540 337 1578 mola
356 1539 611 1587 manibusque
633 1538 704 1587 piis
726 1538 857 1576 altaria
877 1538 995 1584 iuxta,

120 1619 240 1644 unum
262 1612 376 1643 exuta
396 1604 539 1653 pedem
560 1603 707 1649 vinclis,
730 1603 768 1640 in
788 1610 893 1640 veste
914 1604 1100 1649 recincta,

120 1678 278 1709 testatur
298 1670 481 1707 moritura
500 1668 596 1706 deos
618 1674 656 1705 et
676 1668 833 1706 conscia
852 1668 917 1705 sati

123 1736 248 1773 sidera
264 1750 273 1781 ;
303 1741 397 1781 tum,
420 1734 449 1772 si
469 1733 577 1782 quod
597 1746 677 1770 non
697 1745 825 1782 aequo
845 1732 1002 1770 foedere
1023 1741 1195 1771 amantes

121 1813 235 1838 curae
256 1812 401 1837 numen
422 1799 539 1836 habet
558 1799 780 1846 iustumque
801 1810 1040 1846 memorque,
1063 1805 1250 1847 precatur.

176 1865 266 1902 Nox
287 1871 377 1910 erat,
400 1871 437 1900 et
457 1862 656 1912 placicium
677 1862 887 1911 carpebant
907 1863 1006 1899 fessa
1024 1875 1203 1911 soporem

123 1942 286 1979 corpora
307 1941 376 1978 per
396 1935 527 1974 terras,
548 1928 741 1976 silvaeque
764 1934 801 1964 et
821 1939 935 1964 saeva
954 1927 1130 1976 quierant

122 2007 313 2043 aequora:
346 2006 436 2031 cum
458 1992 588 2030 medio
609 1992 813 2029 volvuntur
832 1991 958 2029 sidera
978 1992 1100 2041 lapsu,

123 2072 212 2097 cum
232 2065 335 2096 tacet
355 2058 481 2095 omnis
502 2070 602 2106 ager,
625 2057 800 2106 pecudes
820 2057 1026 2106 pictaeque
1047 2058 1232 2103 volucres,

124 2136 299 2173 quaeque
322 2123 427 2159 lacus
447 2122 522 2159 late
544 2121 723 2170 liquidos,
747 2134 923 2170 quaeque
944 2135 1081 2171 aspera
1100 2122 1226 2159 dumis

123 2201 209 2226 rura
228 2194 373 2233 tenent,
395 2199 533 2224 somno
554 2187 702 2235 positae
725 2186 795 2224 sub
816 2193 932 2224 nocte
954 2187 1079 2224 silenti

129 2251 321 2303 [lenibant
342 2265 465 2298 curas,
487 2258 526 2288 et
546 2250 666 2289 corda
688 2251 806 2288 oblita
825 2251 1039 2302 laborum]

125 2319 175 2355 At
194 2330 273 2354 non
294 2317 422 2354 infelix
442 2316 560 2353 animi
581 2316 804 2362 Phoenissa,
826 2329 900 2353 nec
921 2329 1105 2365 umquam

125 2382 281 2420 solvitur
300 2383 339 2419 in
359 2394 528 2427 somnos,
551 2381 718 2418 oculisve
741 2388 805 2418 aut
827 2388 985 2430 pectore
1006 2389 1163 2419 noctem

240 2486 284 2508 502
298 2488 441 2523 concepit.
463 2487 500 2516 R.
674 2485 716 2508 466
731 2486 807 2515 after
821 2486 872 2516 517.
896 2488 931 2516 R.
1099 2487 1139 2507 528
1157 2488 1305 2523 Rejected
1320 2488 1360 2522 by
1377 2487 1412 2514 R.

241 2529 285 2551 517
301 2531 423 2560 molam.
447 2532 485 2561 R.
1099 2531 1141 2551 529
1156 2541 1262 2568 neque.
1287 2532 1322 2559 R.

1438 187 1511 216 121

1462 432 1520 463 500

1464 758 1519 788 505

1464 1085 1521 1115 510

1469 1738 1526 1767 520

1470 2061 1527 2092 525

1472 2386 1530 2416 530
