1690 2734
138 182 218 214 ECL.
234 183 277 226 L]
745 176 932 229 Tityrus,

135 299 196 336 M.
255 300 434 346 Mirabar,
456 299 551 349 quid
571 306 718 338 maesta
738 299 846 346 deos,
867 300 1060 348 Amarylli,
1082 311 1254 346 vocares,

136 365 199 401 cui
219 365 391 413 pendere
413 377 482 402 sua
501 365 682 414 patereris
704 365 742 401 in
763 365 898 402 arbore
919 376 1060 412 poma:
1104 362 1108 365 ’

135 429 286 477 Tityrus
308 429 398 466 hinc
418 429 561 466 aberat.
621 430 734 477 Ipsae
755 435 805 474 te,
826 430 971 478 Tityre,
993 429 1118 477 pinus,

137 494 207 542 ipsi
228 500 264 531 te
286 494 423 540 fontes,
445 494 528 543 ipsa
548 494 645 531 haec
666 494 819 531 arbusta
837 494 1040 531 vocabant.

141 559 183 596 T.
243 558 348 606 Quid
369 559 564 596 facerem?
614 559 753 607 Neque
776 559 927 596 servitio
950 571 1010 595 me
1033 559 1135 595 exire
1156 559 1307 605 licebat,

136 636 208 660 nec
231 630 308 661 tam
328 624 540 672 praesentis
560 624 649 661 alibi
671 635 909 672 cognoscere
931 623 1053 660 divos.

138 689 218 725 Hic
238 689 343 726 illum
363 688 469 726 vidi
462 700 652 735 iuvenem,
676 689 884 734 Meliboee,
907 694 1002 736 quot
1021 688 1130 725 annis

138 754 193 791 bis
214 732 327 791 selffos
348 754 410 791 cui
430 760 560 791 nostra
581 753 663 790 dies
684 754 815 790 altaria
835 754 1009 800 fumant3

137 818 199 855 hic
219 819 313 855 mihi
332 831 560 867 responsum
580 819 726 867 primus
747 818 856 855 dedit
876 819 936 855 ille
958 819 1105 867 petenti
1122 834 1129 856 :

138 884 295 932 pascite,
317 890 359 921 ut
379 890 478 930 ante,
501 884 632 930 boves,
654 883 774 932 pueri,
797 883 1008 921 submittite
1029 891 1170 922 tauros.

137 948 198 986 M.
256 949 464 985 Fortunate
487 961 617 994 senex,
639 960 730 997 ergo
750 954 816 985 tua
836 961 922 985 rura
941 949 1166 995 manebunt,

138 1019 176 1050 et
195 1013 263 1050 tibi
283 1026 422 1061 magna
442 1014 543 1060 satis,
566 1014 739 1062 quamvis
761 1014 855 1062 lapis
877 1014 1008 1051 omnia
1027 1014 1154 1051 nudus

138 1063 352 1126 liiiic'isoissue
373 1072 480 1127 paliis
500 1067 674 1116 &bducat
694 1091 838 1128 pascua
859 1080 974 1116 iunco
995 1082 1012 1117 1.
1039 1098 1063 1111 ιι
1080 1101 1082 1111 ι

140 1143 232 1179 Non
253 1143 402 1180 insueta
421 1143 543 1191 gravis
564 1144 810 1192 temptabunt
830 1144 972 1192 pabula
992 1145 1099 1191 fetas,

139 1219 212 1244 nec
234 1208 334 1244 mala
352 1208 467 1244 vicini
487 1209 637 1257 pecoris
658 1209 837 1257 contagia
856 1209 1024 1246 laedent.

195 1273 402 1309 Fortunate
423 1284 554 1320 senex,
577 1273 650 1333 hic,
672 1273 770 1310 inter
790 1273 948 1310 flumina
968 1280 1060 1311 nota

141 1343 179 1374 et
198 1337 311 1374 fontis
332 1349 471 1383 sacros,
493 1321 622 1386 frigus
630 1338 801 1386 captabis
824 1313 1021 1386 opff‘tc'sim‘l

141 1403 248 1439 Hinc
269 1402 348 1448 tibi,
371 1414 470 1450 quae
491 1414 655 1451 semper,
678 1403 806 1440 vicino
827 1404 874 1440 ab
897 1404 1027 1450 limite,
1050 1417 1185 1454 saepes
1228 1407 1229 1421 ¹

141 1467 326 1516 Hyblaeis
336 1467 486 1520 (apibus,
503 1467 635 1504 florem
658 1468 819 1516 depasta
839 1469 960 1520 salicti
1016 1498 1020 1501 .
1041 1492 1044 1494 -
1090 1486 1096 1495 r
1116 1486 1128 1495 2-

139 1519 255 1581 saepe
276 1532 349 1569 levi
368 1545 549 1570 somnum
569 1532 747 1570 suadebit
768 1533 862 1569 inire
883 1546 1034 1571 susurro
1050 1548 1060 1580 3

140 1598 229 1634 hinc
249 1597 324 1634 alta
344 1597 414 1635 sub
435 1609 529 1646 rupe
551 1604 665 1635 canet
684 1597 884 1635 frondator
904 1598 955 1635 ad
975 1611 1083 1636 auras
1099 1614 1109 1645 ,-

139 1674 212 1698 nec
233 1669 364 1699 tamen
384 1662 530 1699 interea
549 1675 700 1709 raucae,
722 1669 788 1700 tua
807 1675 910 1709 cura,
932 1664 1146 1712 palumbes,

139 1739 212 1763 nec
232 1739 386 1775 gemere
407 1727 509 1765 aeria
529 1728 694 1766 cessabit
714 1734 834 1765 turtur
854 1728 904 1765 ab
924 1729 1043 1766 ulmo.

144 1792 186 1828 T.
245 1793 344 1829 Ante
364 1792 466 1829 leves
487 1805 578 1841 ergo
599 1800 806 1841 pascentur
821 1787 863 1830 in
884 1806 1052 1842 aequore
1074 1795 1187 1840 cervi,
1223 1789 1233 1821 Ῐ
1271 1804 1282 1819 ’-

140 1862 178 1893 et
197 1856 292 1893 freta
311 1856 520 1893 destituent
539 1857 666 1895 nudos
687 1858 725 1894 in
746 1858 854 1895 litore
875 1859 1014 1906 pisces,

138 1928 227 1958 ante
248 1922 451 1970 pererratis
472 1922 676 1960 amborum
696 1923 834 1960 finibus
856 1923 962 1960 exsul

139 1993 202 2023 aut
224 1986 371 2023 Ararim
393 1986 553 2024 Parthus
574 1987 692 2033 bibet,
714 1994 778 2024 aut
800 1988 1010 2026 Germania
1028 1989 1186 2037 Tigrim,

138 2063 252 2099 quam
274 2057 405 2089 nostro
425 2051 521 2089 illius
541 2052 689 2090 labatur
708 2059 865 2101 pectore
885 2053 1021 2090 voltus.

137 2116 197 2154 M.
255 2118 304 2153 At
324 2129 394 2154 nos
416 2117 506 2154 hinc
526 2117 587 2154 alii
607 2118 768 2155 sitientis
789 2118 928 2155 ibimus
949 2119 1072 2164 Afros,

137 2193 222 2230 pars
243 2182 438 2231 Scythiam
458 2188 496 2219 et
515 2181 692 2231 rapidum
713 2183 852 2221 Cretae
873 2183 1071 2221 veniemus
1093 2184 1243 2231 Oaxen,

137 2253 175 2284 et
194 2247 346 2295 penitus
367 2253 448 2285 toto
469 2246 610 2284 divisos
631 2247 723 2285 orbe
744 2248 959 2286 Britannos,

191 2312 252 2349 En
273 2324 458 2361 umquam
479 2312 620 2361 patrios
641 2312 758 2361 longo
777 2319 867 2375 post
887 2319 1061 2365 tempore
1082 2314 1180 2362 finis,

136 2377 314 2426 pauperis
335 2383 373 2414 et
392 2376 516 2426 tuguri
537 2383 765 2426 congestum
782 2366 954 2426 caespite
976 2378 1171 2426 culmen,

288 2461 317 2483 48
332 2463 512 2500 quodannis.
545 2463 581 2492 R.
757 2463 784 2485 ⁶⁰
801 2464 932 2494 aethere.
964 2464 1006 2494 H.
1163 2465 1192 2486 ⁶2
1207 2467 1290 2495 exul.
1314 2467 1349 2495 R.

287 2511 318 2533 46
331 2512 519 2541 summittite.
552 2512 587 2540 R.
1165 2514 1194 2535 66
1208 2517 1317 2544 cretae.
1350 2515 1385 2545 R.

1504 504 1542 531 40

1506 828 1542 856 45

1505 1153 1544 1180 so

1507 1479 1543 1509 55

1506 1797 1542 1823 60
