1690 2734
186 205 245 236 IV.
268 205 356 246 189.]
585 198 622 236 T
618 198 671 237 lle
701 197 961 237 Ill-omencd
991 196 1192 236 lsVcdlock.

184 321 452 370 pulverulenta
472 322 563 370 fuga
584 321 798 369 glomerant
819 320 1039 367 montisque
1061 319 1294 366 relinquunt.

185 389 233 424 At
254 399 348 436 puer
372 387 559 423 Ascanius
581 385 717 422 mediis
739 386 776 421 in
799 385 956 421 vallibus
978 384 1055 420 acri

184 451 326 500 gaudet
347 463 460 500 equo,
484 451 636 499 iamque
659 450 728 487 hos
750 462 874 494 cursu,
894 450 968 486 iam
990 449 1171 497 praeterit
1191 448 1284 492 illos,

184 523 505 565 spumantemque
528 515 612 552 dari
634 527 777 563 pecora
798 515 895 550 inter
916 514 1051 550 inertia
1070 513 1166 550 votis

183 588 290 630 optat
309 593 456 629 aprum,
478 587 542 617 aut
563 580 706 617 fulvum
727 579 967 616 descendere
990 585 1121 614 monte
1142 578 1309 614 leonem.

238 648 391 683 Interea
411 658 551 694 magno
575 644 727 681 misceri
749 656 943 680 murmure
965 644 1116 679 caelum

183 712 340 759 incipit;
372 711 583 759 insequitur
604 709 815 746 commixta
835 708 1022 757 grandine
1043 707 1223 753 nimbus3

183 782 219 812 et
238 776 341 824 Tyrii
362 776 524 812 comites
544 775 687 823 passim
704 781 741 810 et
761 774 928 810 Troiana
948 773 1121 809 iuventus

184 840 478 888 Dardaniusque
501 852 623 888 nepos
644 839 804 876 Veneris
827 838 977 874 diversa
996 850 1066 886 per
1085 849 1195 885 agros

181 912 283 955 tecta
303 912 406 942 metu
429 902 571 953 petiere
589 919 598 951 3
628 911 741 941 ruunt
762 903 811 940 de
833 903 1028 939 montibus
1044 914 1190 939 amnes.

182 970 412 1018 Speluncam
431 970 536 1007 Dido
553 969 632 1007 dux
652 977 690 1006 et
708 969 897 1006 Troianus
920 968 1090 1004 eandem

181 1034 413 1071 deveniunt:
446 1035 569 1083 prima
589 1041 626 1071 et
645 1035 776 1071 Tellus
799 1041 836 1070 et
857 1034 1035 1082 pronuba
1058 1034 1157 1070 Iuno

181 1099 274 1136 dant
294 1100 444 1148 signum
461 1113 470 1145 3
501 1100 636 1136 fulsere
658 1100 764 1148 ignes
786 1106 823 1136 et
843 1099 1023 1135 conscius
1047 1098 1180 1134 aether

180 1164 367 1208 conubiis,
390 1176 619 1212 summoque
640 1164 830 1201 ulularunt
850 1165 991 1200 vertice
1014 1163 1221 1212 nymphae.

182 1229 248 1265 Ille
271 1228 353 1265 dies
374 1230 517 1277 primus
538 1230 600 1265 leti
622 1230 846 1277 primusque
869 1230 1058 1266 malorum

180 1306 295 1330 causa
316 1294 408 1339 fuit3
439 1306 565 1341 neque
587 1295 688 1330 enim
706 1295 836 1342 specie
858 1295 1006 1331 famave
1030 1302 1217 1341 movetur,

180 1370 252 1394 nec
274 1360 348 1395 iam
369 1359 546 1395 furtivum
570 1359 675 1396 Dido
698 1359 903 1396 meditatur
927 1373 1100 1397 amorem
1118 1375 1124 1397 :

179 1425 400 1472 coniugium
420 1431 558 1470 vocat3
589 1424 665 1460 hoc
686 1425 871 1472 praetexit
893 1426 1052 1462 nomine
1076 1427 1243 1474 culpam.

233 1489 438 1537 Extemplo
462 1489 606 1537 Libyae
627 1502 784 1537 magnas
807 1491 831 1527 it
857 1491 974 1527 Fama
995 1504 1065 1540 per
1084 1493 1198 1530 urbes
1214 1515 1266 1520 —

179 1555 308 1599 Fama,
330 1554 473 1590 malum
495 1566 571 1602 qua
590 1567 669 1591 non
689 1555 792 1591 aliud
813 1556 981 1593 velocius
1005 1558 1149 1605 ullum3

178 1619 387 1656 mobilitate
408 1620 520 1667 viget,
542 1620 717 1668 viresque
738 1620 904 1668 adquirit
926 1623 1069 1669 eundo,

176 1696 291 1732 parva
311 1690 415 1721 metu
436 1684 574 1732 primo,
597 1697 686 1721 mox
706 1697 789 1722 sese
812 1687 948 1724 attollit
968 1689 1006 1725 in
1028 1702 1150 1736 auras,

176 1748 463 1797 ingrediturque
484 1749 578 1795 solo,
601 1756 637 1786 et
658 1758 774 1798 caput
797 1753 895 1789 inter
915 1754 1045 1792 nubila
1066 1754 1212 1793 condit.

178 1814 288 1850 Illam
308 1815 425 1850 Terra
446 1826 594 1862 parens,
618 1815 670 1851 ira
690 1816 841 1854 inritata
864 1818 1037 1865 deorum,

176 1885 385 1915 extremam
414 1878 473 1926 (ut
494 1879 717 1928 perhibent)
745 1882 855 1920 Coeo
880 1884 1160 1934 Enceladoque
1182 1898 1351 1923 sororem

176 1944 389 1992 progenuit,
412 1943 577 1992 pedibus
598 1945 763 1983 celerem
785 1955 823 1985 et
844 1950 1064 1997 pernicibus
1087 1950 1165 1995 alis,

1512 207 1583 235 111

1538 323 1590 352 Ι55

1535 639 1589 667 160

1532 965 1584 1000 165

1529 1300 1582 1329 170

1526 1630 1579 1660 175

1524 1952 1578 1980 180

176 2015 387 2045 monstrum
408 2009 654 2056 horrendum,
678 2013 824 2061 ingens,
849 2015 922 2059 cui,
945 2021 1040 2063 quot
1060 2021 1149 2052 sunt
1170 2027 1332 2064 corpore
1353 2016 1520 2065 plumae,

174 2080 230 2110 tot
251 2074 380 2122 vigiles
400 2075 501 2111 oculi
522 2076 662 2120 subter,
688 2079 857 2116 mirabile
881 2079 999 2125 dictu,

174 2145 230 2175 tot
250 2139 412 2187 linguae,
434 2141 595 2179 totidem
618 2156 684 2180 ora
705 2151 854 2190 sonant,
876 2151 933 2181 tot
953 2145 1110 2194 subrigit
1130 2157 1252 2183 aures.
1303 2161 1306 2164 ·

175 2204 303 2241 Nocte
324 2205 424 2242 volat
446 2208 541 2244 caeli
564 2208 694 2245 medio
716 2215 916 2257 terraeque
939 2222 1007 2257 per
1027 2210 1216 2256 umbram,

174 2268 349 2315 stridens⁷
371 2283 442 2308 nec
465 2272 569 2310 dulci
590 2273 758 2310 declinat
778 2274 922 2310 lumina
942 2287 1080 2311 somno
1099 2289 1105 2320 ;

173 2333 258 2370 luce
280 2334 389 2372 sedet
410 2345 540 2375 custos
563 2345 626 2375 aut
647 2339 785 2375 summi
807 2340 975 2376 culmine
997 2341 1101 2384 tecti,

174 2399 335 2437 turribus
356 2408 421 2438 aut
442 2402 536 2445 altis,
560 2409 598 2440 et
618 2415 775 2451 magnas
797 2404 940 2440 territat
961 2404 1073 2440 urbes
1091 2418 1099 2449 ;

175 2465 350 2520 tamficti
372 2467 554 2514 pravique
576 2474 701 2511 tenax,
724 2480 840 2515 quam
861 2469 994 2504 nuntia
1014 2469 1102 2505 veri.

231 2530 342 2566 Haec
365 2537 444 2566 tum
465 2531 665 2579 multiplici
686 2532 852 2580 populos
874 2545 1051 2569 sermone
1072 2533 1245 2580 replebat

1524 2276 1576 2312 185
