1690 2734
220 141 259 172 V.
277 141 370 182 661]
446 133 534 173 Iris
567 133 679 173 Bz'ds
713 133 782 172 tlte
817 132 988 172 IVomen
1019 132 1120 170 Fz're
1152 131 1221 171 {lec
1256 132 1396 184 Slzz'pS.

219 257 422 305 sideraque
443 269 623 293 emensae
646 256 810 301 ferimur,
833 255 925 292 dum
946 267 1015 303 per
1034 267 1137 291 mare
1159 267 1341 303 magnum

221 322 370 359 Italiam
392 322 588 369 sequimur
608 321 831 369 fugientem,
854 327 892 356 et
911 320 1097 356 volvimur
1117 319 1242 356 undis.

221 387 298 423 Hic
321 387 452 434 Erycis
475 386 570 423 fines
591 386 756 430 fraterni,
779 392 895 433 atque
918 385 1058 432 hospes
1080 386 1265 421 Acestes:

217 453 301 499 quis
321 451 499 499 prohibet
520 463 649 487 muros
672 451 796 486 iacere
818 458 854 486 et
877 450 967 486 dare
989 449 1135 486 civibus
1157 450 1319 486 urbem?

216 517 252 554 O
272 517 394 564 patria
416 523 452 552 et
473 516 569 564 rapti
593 516 829 563 nequiquam
852 527 899 551 ex
921 515 1030 551 hoste
1055 515 1230 558 Penates,

215 582 366 618 nullane
388 582 462 618 iam
485 581 624 617 Troiae
647 580 825 617 dicentur
847 580 1029 616 moenia?
1087 580 1288 627 Nusquam

217 648 434 683 Hectoreos
457 658 601 689 amnes,
624 645 823 682 Xanthum
847 652 883 681 et
905 645 1112 688 Simoenta,
1134 644 1304 681 videbo?

214 711 318 758 Quin
340 712 439 759 agite
462 718 498 747 et
519 723 675 747 mecum
699 710 879 746 infaustas
902 710 1045 754 exurite
1068 721 1231 757 puppes.

214 776 316 812 Nam
340 776 431 812 mihi
452 775 692 813 Cassandrae
715 787 783 822 per
803 787 984 811 somnum
1005 775 1099 810 vatis
1121 774 1249 822 imago

212 840 389 877 ardentes
410 840 501 877 dare
523 841 602 876 visa
623 841 725 876 faces
744 855 750 876 :
782 840 864 876 Hic
884 840 1056 887 quaerite
1081 839 1239 875 Troiam
1254 854 1268 880 ,-

211 905 273 942 lzic
293 906 427 942 domas
447 911 506 941 est
522 905 643 953 inquit
666 905 782 942 vobis.
842 905 925 940 Iam
946 910 1099 952 tempus
1122 903 1181 951 agi
1203 916 1273 949 res,

210 982 283 1006 nec
305 971 418 1006 tantis
439 983 545 1006 mora
567 970 762 1018 prodigiis.
824 970 884 1005 En
905 976 1085 1017 quattuor
1104 981 1190 1004 arae

212 1036 398 1083 Neptuno
417 1049 424 1079 ;
456 1035 552 1071 (leus
573 1035 654 1083 ipse
678 1035 782 1071 faces
807 1034 1058 1082 animumque
1080 1034 1291 1070 ministrat.’

266 1101 378 1136 Haec
399 1112 630 1145 memorans,
653 1100 776 1147 prima
797 1100 988 1136 infensum
1010 1099 1045 1135 vi
1066 1099 1221 1146 corripit
1242 1099 1383 1147 ignem,

210 1166 433 1213 sublataque
455 1165 589 1212 procul
610 1164 746 1200 dextra
766 1165 907 1201 conixa
930 1170 1118 1209 coruscat,

210 1238 247 1267 et
268 1231 379 1266 iacit:
411 1237 580 1266 arrectae
603 1237 751 1266 mentes
775 1229 1068 1277 stupefactaque
1091 1228 1211 1265 corda

210 1295 387 1332 Iliadum.
447 1295 526 1331 Hic
547 1307 623 1330 una
643 1306 663 1330 e
686 1294 826 1340 multis,
848 1306 947 1342 quae
971 1294 1138 1330 maxima
1158 1302 1261 1340 natu,

210 1360 344 1407 Pyrgo,
366 1366 423 1396 tot
445 1359 583 1395 Priami
604 1366 780 1395 natorum
801 1359 906 1407 regia
926 1361 1073 1396 nutrix:

209 1427 217 1442 ‘
233 1424 324 1460 Non
346 1424 469 1460 Beroe
491 1424 610 1470 vobis,
632 1436 711 1460 non
732 1423 829 1460 haec
853 1424 1057 1471 Rhoete1a,
1082 1434 1233 1472 matres,

207 1496 264 1525 est
285 1489 442 1537 Dorycli
464 1489 658 1533 coniunx3
690 1488 808 1525 divini
830 1490 937 1537 signa
961 1489 1113 1527 decoris

207 1553 463 1601 ardentesque
484 1559 616 1590 notate
637 1553 798 1599 oculos;
829 1555 892 1602 qui
915 1556 1067 1604 spiritus
1092 1558 1154 1602 illi,

207 1619 272 1666 qui
292 1619 428 1664 voltus,
449 1619 634 1667 vocisque
655 1631 785 1664 sonus,
807 1620 868 1656 vel
890 1632 1040 1668 gressus
1063 1623 1179 1660 eunti.

208 1685 297 1732 Ipsa
318 1691 473 1731 egomet
493 1683 642 1720 dudum
666 1684 816 1721 Beroen
839 1685 1008 1734 digressa
1031 1688 1163 1736 reliqui

207 1760 370 1797 aegram,
392 1748 672 1797 indigna-ntem,
696 1749 760 1785 tali
782 1750 889 1798 quod
912 1753 992 1788 sola
1015 1760 1161 1789 careret

207 1825 376 1857 munere,
398 1825 472 1849 nec
494 1814 649 1850 meritos
671 1815 864 1852 Anchisae
889 1816 1043 1854 inferret
1067 1817 1259 1856 honores)

209 1879 321 1914 Haec
343 1878 467 1914 effata.

260 1946 310 1980 At
329 1950 468 1980 matres
490 1944 614 1992 primo
635 1946 835 1997 ancipites,
862 1947 1061 1995 oculisque
1085 1949 1258 1997 malignis

205 2008 408 2057 ambiguae
429 2016 604 2057 spectare
628 2018 726 2047 rates
750 2011 929 2048 miserum
953 2012 1050 2048 inter
1069 2025 1243 2050 amorem

206 2074 415 2121 praesentis
436 2080 557 2111 terrae
579 2075 740 2124 fatisque
761 2077 940 2113 vocantia
960 2089 1088 2125 regna,

206 2151 296 2175 cum
317 2138 392 2175 dea
411 2151 451 2176 se
472 2140 627 2188 paribus
650 2152 718 2189 per
739 2141 889 2177 caelum
912 2143 1059 2179 sustulit
1079 2143 1159 2189 alis,

206 2203 481 2252 ingentemque
503 2204 592 2253 fuga
612 2205 734 2242 secuit
757 2206 828 2242 sub
849 2206 1015 2243 nubibus
1036 2219 1179 2245 arcum.

205 2268 306 2304 Tum
327 2281 417 2305 vero
439 2269 623 2319 attonitae
645 2271 824 2307 monstris
845 2278 1032 2320 actaeque
1054 2273 1178 2310 furore

208 2333 464 2379 conclamant,
487 2335 718 2382 rapiuntque
740 2335 835 2391 soei-s
859 2337 1119 2384 penetralibus
1140 2338 1268 2386 ignem
1287 2352 1296 2385 ;

207 2409 293 2446 pars
314 2398 479 2446 spoliant
499 2411 593 2445 aras,
615 2399 794 2437 frondem
815 2412 861 2437 ac
881 2401 1041 2452 virgulta
1061 2402 1240 2451 facesque

512 2484 555 2505 631
571 2485 655 2523 quid.
679 2486 719 2514 H.
1036 2487 1078 2508 640
1094 2489 1241 2517 animam.
1265 2489 1299 2517 R.

1541 143 1618 184 147

1563 385 1619 413 620

1558 1032 1615 1068 640

1553 1689 1611 1726 650
