1690 2734
158 197 234 235 126
482 209 537 237 1V.
573 197 818 249 Departm‘e
836 198 960 249 from
990 196 1212 251 Cartlcage.

151 327 253 358 tecta
274 321 440 357 fremunt
456 334 465 366 3
496 326 649 357 resonat
670 321 817 368 magnis
839 321 1084 368 plangoribus
1106 321 1249 367 aether,

150 400 229 423 non
251 387 369 431 aliter,
392 397 509 433 quam
530 386 560 421 si
581 385 760 421 immissis
782 391 863 421 ruat
885 385 1055 422 hostibus
1077 387 1201 422 omnis

153 453 350 500 Karthago
372 458 436 487 aut
458 451 615 498 antiqua
634 451 768 498 Tyros,
791 450 1045 498 flammaeque
1067 451 1234 487 furentes

150 519 319 556 culmina
341 527 485 565 perque
510 515 709 551 hominum
731 515 930 551 volvantur
950 527 1094 563 perque
1115 515 1290 553 deorum.

205 584 336 621 Audiit
356 581 555 625 exanimis,
579 579 810 628 trepidoque
833 581 1009 616 exterrita
1030 593 1142 617 cursu

151 649 341 698 unguibus
362 660 429 684 ora
449 658 554 683 soror
578 644 739 682 foedans
761 652 799 682 et
820 652 978 693 pectora
998 646 1134 694 pugnis

150 728 218 764 per
238 713 388 751 medios
408 712 493 757 ruit,
515 723 560 747 ac
584 710 814 746 morientem
835 710 992 746 nomine
1015 710 1178 747 clamat:

153 783 160 799 ‘
180 782 271 817 Hoc
292 778 396 823 illud,
418 787 613 826 germana,
640 775 736 812 fuit?
793 776 860 811 Me
882 774 1014 812 fraude
1035 775 1223 823 petebas?

155 847 244 882 Hoc
265 856 378 892 rogus
399 843 469 879 iste
492 842 596 887 mihi,
623 841 696 878 hoc
718 841 825 888 ignes
846 852 1010 888 araeque
1032 841 1243 888 parabant?

151 910 256 958 Quid
279 910 445 958 primum
466 907 618 944 deserta
640 906 804 954 querar?
860 905 1107 942 Comitemne
1130 917 1300 942 sororem

151 975 323 1024 sprevisti
345 973 541 1010 moriens?
602 971 753 1008 Eadem
775 982 836 1006 me
858 969 908 1006 ad
930 970 1005 1006 fata
1025 982 1206 1007 vocasses
1224 984 1230 1006 t

152 1041 256 1077 idem
277 1040 409 1076 ambas
431 1039 530 1074 ferro
553 1037 677 1082 dolor,
703 1043 817 1084 atque
840 1034 980 1071 eadem
1002 1035 1096 1071 hora
1118 1035 1274 1072 tulisset.

155 1106 226 1142 His
247 1105 365 1141 etiam
385 1103 501 1140 struxi
525 1102 714 1146 manibus,
738 1100 958 1149 patriosque
980 1100 1114 1136 vocavi

151 1183 247 1207 voce
269 1169 377 1215 deos,
399 1169 452 1205 sic
474 1175 511 1204 te
534 1175 573 1203 ut
595 1167 721 1214 posita
742 1165 907 1202 crudelis
930 1165 1133 1202 abessem?

154 1236 343 1273 Exstinxti
365 1241 401 1271 te
424 1245 577 1281 meque,
601 1244 719 1277 soror,
743 1231 1008 1279 populumque
1031 1237 1234 1278 patresque

153 1301 331 1339 Sidonios
353 1299 565 1346 urbemque
589 1304 706 1334 tuam.
768 1297 869 1333 Date
891 1295 1047 1332 volnera
1066 1295 1230 1343 lymphis

153 1367 318 1410 abluam,
340 1371 389 1410 et,
413 1370 604 1400 extremus
627 1362 657 1398 si
680 1362 764 1410 quis
786 1373 902 1409 super
923 1360 1058 1397 halitus
1080 1367 1189 1406 errat,

154 1444 218 1469 ore
240 1430 389 1478 legam.’
449 1428 509 1465 Sic
531 1428 619 1472 fata,
641 1425 781 1475 gradus
803 1432 974 1462 evaserat
995 1425 1103 1469 altos,

153 1496 497 1542 semianimemque
521 1493 604 1529 sinu
625 1503 848 1540 germanam
871 1490 1050 1538 amplexa
1070 1490 1223 1526 fovebat

153 1574 242 1598 cum
263 1560 421 1609 gemitu,
444 1565 558 1606 atque
582 1564 682 1593 atros
705 1556 873 1592 siccabat
896 1562 999 1591 veste
1022 1567 1190 1592 cruores.

154 1627 235 1671 Illa,
257 1637 389 1674 graves
411 1624 544 1660 oculos
569 1629 709 1658 conata
730 1621 915 1664 attollere,
938 1632 1064 1656 rursus

153 1691 310 1736 deficit,
341 1689 499 1725 infixum
521 1686 643 1724 stridit
663 1686 734 1723 sub
756 1693 915 1734 pectore
936 1685 1084 1722 vulnus.

152 1758 228 1793 Ter
248 1767 331 1792 sese
353 1754 530 1791 attollens
556 1752 766 1799 cubitoque
789 1751 931 1787 adnixa
950 1751 1088 1787 levavit
1105 1765 1113 1796 3

152 1830 209 1858 ter
228 1821 401 1857 revoluta
420 1827 503 1855 toro
525 1824 593 1862 est,
618 1817 819 1865 oculisque
843 1816 1054 1853 errantibus
1075 1816 1152 1852 alto

153 1886 339 1935 quaesivit
361 1884 469 1921 caelo
492 1884 632 1928 lucem,
658 1883 921 1931 ingemuitque
943 1888 1105 1930 reperta.

205 1953 306 1988 Tum
330 1952 428 1987 Iuno
450 1949 710 1996 omnipotens,
737 1948 895 1996 longum
917 1947 1095 1983 miserata
1116 1945 1291 1983 dolorem

153 2017 394 2064 difficilisque
416 2015 555 2059 obitus,
582 2014 672 2050 Irim
694 2013 847 2050 demisit
869 2013 1051 2060 Olympo,

153 2094 252 2131 quae
274 2082 484 2118 luctantem
508 2080 676 2116 animam
700 2090 899 2126 nexosque
920 2078 1125 2114 resolveret
1146 2083 1259 2112 artus.

156 2148 256 2184 Nam
278 2147 368 2194 quia
387 2157 461 2182 nec
482 2145 571 2189 fato,
596 2145 730 2181 merita
751 2156 823 2180 nec
847 2150 969 2179 morte
990 2142 1149 2190 peribat,

154 2212 223 2249 sed
246 2212 384 2248 misera
405 2217 492 2247 ante
516 2211 632 2255 diem,
656 2210 862 2257 subitoque
883 2220 1049 2244 accensa
1069 2207 1204 2251 furore,

155 2277 330 2314 nondum
352 2277 400 2313 illi
424 2277 563 2313 flavum
590 2275 819 2323 Proserpina
838 2273 980 2310 vertice
1002 2273 1148 2309 crinem
1178 2260 1181 2261 ⁷

154 2344 372 2387 abstulerat,
399 2343 608 2391 Stygioque
632 2347 748 2389 caput
770 2339 1019 2376 damnaverat
1040 2338 1157 2375 Orco.

158 2411 259 2458 Ergo
283 2410 351 2446 Iris
377 2408 524 2445 croceis
547 2419 616 2455 per
637 2406 788 2443 caelum
810 2404 961 2441 roscida
982 2403 1133 2451 pennis,

157 2475 257 2512 mille
281 2475 434 2511 trahens
457 2472 582 2508 varios
604 2471 765 2507 adverso
788 2469 867 2506 sole
889 2468 1049 2512 colores,

1388 204 1549 246 [AENEm.

1499 774 1553 809 675

1500 1098 1557 1125 680

1502 1422 1558 1458 685

1504 2404 1562 2431 700

274 2560 318 2581 ⁶⁸3
334 2560 472 2589 Comma
487 2557 563 2585 after
578 2556 715 2593 lymphis.
739 2555 779 2583 H.
877 2553 918 2573 689
934 2553 1052 2590 defecit.
1076 2552 1111 2580 R.
1209 2549 1251 2570 70⁰
1261 2549 1378 2586 pinnis.
1402 2548 1437 2576 R.
