1690 2734
96 138 171 178 142
674 139 713 169 v,
752 127 901 180 Siczly,

87 251 222 288 creber
241 257 400 299 utraque
423 264 538 288 manu
561 251 684 300 pulsat
706 258 907 300 versatque
929 253 1084 291 Dareta.

138 316 238 353 Tum
260 323 368 365 pater
388 317 539 352 Aeneas
560 315 774 364 procedere
795 317 944 365 longius
966 318 1035 354 iras

85 387 121 417 et
142 381 285 417 saevire
307 381 443 417 animis
467 381 659 417 Entellum
681 380 784 418 haud
805 393 938 429 passus
958 382 1106 419 acerbis
1124 396 1132 428 ;

83 445 153 482 sed
173 446 290 482 finem
314 446 495 493 imposuit
516 457 680 494 pugnae,
703 446 923 494 fessumque
946 448 1089 483 Dareta

82 511 230 559 eripuit,
254 498 427 547 mulcens
449 509 573 555 dictis,
596 523 641 546 ac
663 511 751 547 talia
773 512 893 548 fatur:

82 578 90 593 ‘
107 576 254 621 Infelix,
278 587 376 623 quae
398 582 504 612 tanta
523 576 694 612 animum
716 576 912 614 dementia
933 590 970 614 ct
985 579 1064 625 pit?

82 642 171 678 Non
194 641 291 677 vires
312 641 402 677 alias
424 653 686 690 conversaque
709 643 867 678 numina
888 644 1032 679 sentis?

80 705 188 742 Cede
210 705 312 742 deo.’
374 706 557 754 Dixitque
579 713 616 742 et
637 707 783 754 proelia
803 720 899 743 voce
921 707 1083 744 diremit.

78 771 146 807 Ast
166 771 269 808 illum
293 771 359 807 fidi
380 771 572 819 aequales,
595 783 720 819 genua
740 784 853 820 aegra
873 772 1100 811 trahentem.

78 835 363 884 iactantemque
386 843 547 884 utroque
570 843 697 884 caput,
720 849 967 886 crassumque
989 850 1166 875 cruorem

76 913 140 937 ore
163 902 394 938 eiectantem
416 901 632 949 mixtosque
655 902 692 938 in
714 903 898 950 sanguine
919 902 1067 945 dentes,

76 966 226 1003 ducunt
247 966 297 1003 ad
318 979 434 1003 naves
453 980 459 1011 ;
491 967 717 1014 galeamque
739 979 950 1016 ensemque
972 969 1097 1005 vocati

75 1032 271 1080 accipiunt
288 1046 296 1077 3
327 1032 497 1080 palmam
517 1031 670 1068 Entello
691 1038 919 1081 taurumque
940 1033 1171 1082 relinquunt.

77 1097 155 1133 Hic
176 1098 309 1143 victor,
332 1109 516 1145 superans
538 1097 674 1134 animis
695 1104 881 1146 tauroque
903 1099 1088 1146 superbus
1107 1113 1113 1135 :

129 1163 251 1199 ‘Nate
273 1162 358 1208 dea,
380 1174 526 1210 vosque
548 1162 669 1199 haec'
691 1163 814 1210 inquit
835 1165 843 1181 ‘
861 1164 1098 1211 cognoscite,
1120 1164 1273 1210 Teucri,

73 1234 111 1265 et
132 1228 224 1264 mihi
246 1240 344 1276 quae
366 1228 505 1265 fuerint
526 1228 689 1264 iuvenali
711 1228 748 1264 in
770 1240 931 1276 corpore
952 1228 1061 1272 vires,

74 1301 110 1330 et
131 1305 208 1341 qua
227 1293 383 1330 servetis
403 1299 626 1338 revocatum
648 1305 669 1329 a
690 1300 812 1330 morte
836 1294 1004 1331 Dareta.'

74 1359 190 1404 Dixit,
213 1365 251 1395 et
271 1358 420 1395 adversi
442 1365 578 1395 contra
600 1359 703 1395 stetit
723 1370 790 1395 ora
812 1359 973 1403 iuvenci,

72 1424 134 1471 qui
157 1423 304 1460 donum
327 1423 504 1460 adstabat
526 1436 691 1472 pugnae,
715 1423 910 1472 durosque
932 1424 1093 1461 reducta

71 1488 218 1525 libravit
239 1488 374 1525 dextra
394 1487 523 1525 media
544 1489 641 1525 inter
661 1501 805 1526 cornua
826 1496 988 1533 caestus,

71 1553 223 1599 arduus,
246 1553 482 1602 effractoque
504 1554 619 1590 inlisit
640 1554 677 1590 in
698 1566 785 1591 ossa
807 1554 977 1591 cerebro.

71 1619 254 1663 Sternitur
274 1619 537 1667 exanimisque
559 1626 726 1656 tremens
748 1619 968 1667 procumbit
989 1619 1096 1656 humi
1116 1620 1198 1657 bos.

72 1684 140 1720 Ille
162 1696 276 1732 super
295 1684 388 1721 tales
409 1683 572 1721 effundit
592 1691 751 1733 pectore
772 1696 889 1721 voces
907 1699 913 1721 :

71 1751 79 1767 ‘
100 1749 215 1785 Hanc
236 1749 315 1794 tibi,
340 1750 674 1798 Eryx,-meliorem
695 1750 864 1786 animam
886 1761 954 1798 pro
978 1757 1100 1786 morte
1123 1751 1274 1788 Daretis

69 1814 271 1862 persolvo,
303 1814 365 1851 hic
386 1815 508 1851 victor
529 1821 680 1851 caestus
701 1821 900 1862 artemque
922 1816 1098 1863 repono.'

124 1879 299 1916 Protinus
322 1881 473 1916 Aeneas
495 1879 609 1916 celeri
630 1886 775 1916 certare
796 1880 932 1928 sagitta

69 1944 200 1980 invitat
220 1945 283 1992 qui
306 1944 401 1981 forte
421 1945 550 1989 velint,
572 1951 609 1981 et
630 1945 800 1993 praemia
821 1945 940 1993 ponit,

68 2009 291 2057 ingentique
312 2022 428 2047 manu
450 2009 593 2046 malum
614 2009 663 2046 de
685 2022 782 2046 nave
804 2010 941 2047 Seresti

69 2074 187 2123 erigit,
210 2081 248 2111 et
268 2075 463 2111 volucrem
484 2075 642 2111 traiecto
668 2075 706 2111 in
728 2075 817 2111 fune
839 2075 1073 2120 columbam,

68 2151 146 2187 quo
167 2139 328 2176 tendant
349 2140 500 2184 ferrum,
524 2140 625 2176 malo
648 2140 849 2189 suspendit
869 2142 918 2178 ab
940 2142 1028 2178 alto.

69 2204 297 2241 Convenere
320 2205 396 2249 viri,
420 2204 689 2253 deiectamque
711 2217 824 2242 aerea
844 2213 985 2242 sortem

68 2269 220 2317 accepit
241 2269 348 2317 galea
366 2283 374 2315 3
405 2277 442 2306 et
463 2270 608 2317 primus
630 2270 798 2307 clamore
819 2271 994 2308 secundo

70 2333 309 2382 Hyrtacidae
331 2340 418 2370 ante
440 2346 576 2371 omnes
599 2335 675 2371 exit
695 2335 803 2372 locus
826 2336 1142 2384 Hippocoontis;

68 2410 184 2445 quem
205 2397 325 2435 modo
346 2399 470 2435 navali
493 2399 719 2436 Mnestheus
741 2401 950 2437 certamine
972 2401 1093 2437 victor

336 2484 377 2505 472
392 2485 558 2514 relincunt.
582 2486 617 2514 R.
997 2486 1038 2506 ⁴56
1054 2487 1138 2514 diczt.
1163 2487 1207 2516 R.

1329 135 1483 177 [AENEm

1434 580 1489 616 465

1431 912 1488 939 470

1429 1237 1484 1266 475

1425 1556 1482 1591 480

1423 1881 1479 1916 485

1421 2213 1476 2240 490
