1690 2734
102 179 238 221 1.119.]
469 172 633 213 AEolns
665 170 826 211 Raz'ses
854 184 882 210 a
922 169 1128 222 Tempest.

103 296 322 344 Insequitur
343 295 566 343 clamorque
587 294 708 331 virum
731 292 946 341 stridorque
967 291 1187 329 rudentum.

104 362 279 410 Eripiunt
299 361 426 398 subito
448 360 570 397 nubes
593 359 821 407 caelumque
845 357 1026 406 diemque

99 427 338 463 Teucrorum
359 438 407 462 ex
427 424 548 462 oculis
565 438 574 471 ς
606 430 727 472 ponto
749 435 827 460 nox
848 423 1004 459 incubat
1024 428 1115 459 atra.

102 493 310 528 Intonuere
331 491 421 540 poli,
444 496 480 527 et
502 489 643 526 crebris
665 489 781 525 micat
803 488 953 536 ignibus
974 487 1118 533 aether,

100 563 422 605 praesentemque
442 555 528 592 viris
550 554 740 590 intentant
761 554 892 590 onmia
912 560 1088 589 mortem.

155 621 364 670 Extemplo
385 622 540 658 Aeneae
563 618 919 672 solvunturlfrigore
941 617 1138 655 membra:

101 687 270 735 ingemit,
292 692 330 723 et
351 685 516 734 duplicis
536 684 701 722 tendens
727 683 777 720 ad
798 683 924 720 sidera
944 684 1090 732 palmas

100 752 187 788 talia
207 763 303 788 voce
324 751 438 788 refert
455 765 461 788 :
496 751 551 788 ‘O
572 757 706 799 terque
729 756 940 798 quaterque
962 750 1075 795 beati,

99 817 183 864 quis
204 823 292 853 ante
313 828 380 853 ora
399 822 549 864 patrum
570 816 709 852 Troiae
734 816 804 852 sub
825 815 1028 852 moenibus
1048 815 1130 852 altis

100 882 261 930 contigit
281 888 466 930 offiere
487 885 493 918 1
551 881 586 918 O
611 882 790 918 Danaum
814 881 1016 918 fortissime
1037 881 1161 930 gentis

98 946 251 995 Tydide
272 949 278 984 ἔ
337 947 455 983 Mene
480 946 605 983 Iliacis
627 946 862 983 occumbere
884 947 1031 995 campis

99 1023 178 1048 non
199 1012 382 1059 potuisse,
404 1017 546 1060 tuaque
568 1011 736 1048 animam
760 1011 860 1048 hanc
882 1011 1079 1048 effundere
1100 1012 1246 1058 dextra,

100 1088 234 1113 saevus
255 1077 320 1113 ubi
340 1075 536 1113 Aeacidae
558 1077 635 1113 telo
658 1076 759 1113 iacet
784 1078 946 1122 Hector,
968 1077 1032 1114 ubi
1053 1077 1187 1126 ingens

101 1141 312 1189 Sarpedon,
334 1141 399 1178 ubi
420 1147 477 1178 tot
497 1141 634 1178 Simois
659 1148 837 1189 correpta
856 1141 926 1178 sub
942 1141 1054 1178 undis

101 1212 210 1243 scuta
228 1206 350 1243 virum
371 1206 576 1254 galeasque
599 1213 637 1242 et
658 1206 769 1243 fortia
790 1219 953 1255 corpora
972 1207 1133 1244 volvit?'

153 1271 262 1308 Talia
282 1271 438 1307 iactanti
461 1270 625 1308 stridens
649 1271 841 1319 Aquilone
865 1271 1035 1319 procella

100 1337 225 1374 velum
248 1336 407 1373 adversa
422 1337 517 1382 serit,
541 1336 757 1384 fluctusque
780 1336 830 1373 ad
851 1335 977 1373 sidera
997 1337 1104 1374 tollit.

102 1402 342 1450 Franguntur
361 1402 457 1438 remi
473 1415 482 1448 5
513 1408 595 1438 tum
616 1413 730 1450 prora
750 1402 894 1447 avertit,
917 1409 956 1438 et
976 1401 1088 1439 undis

100 1465 166 1503 dat
185 1466 280 1503 latus
298 1479 305 1510 ;
336 1466 547 1514 insequitur
567 1466 722 1503 cumulo
744 1473 969 1515 praeruptus
990 1479 1112 1515 aquae
1133 1480 1259 1505 mons.

101 1531 156 1568 Hi
178 1543 330 1568 summo
351 1531 390 1567 in
410 1531 527 1568 fluctu
549 1530 749 1579 pendent3
781 1532 837 1568 his
860 1531 965 1568 unda
985 1531 1191 1569 dehiscens

99 1602 236 1632 terram
258 1596 356 1633 inter
375 1595 512 1632 fluctus
533 1597 680 1644 aperit,
712 1596 798 1633 furit
818 1604 945 1633 aestus
967 1597 1102 1634 arenis.

98 1662 182 1698 Tris
205 1662 330 1698 Notus
353 1662 529 1710 abreptas
551 1662 588 1698 in
611 1673 701 1698 saxa
721 1662 877 1698 latentia
898 1669 1112 1710 torquet—

99 1738 189 1762 saxa
207 1733 349 1762 vocant
370 1727 453 1763 Itali
476 1726 613 1763 mediis
636 1739 736 1775 quae
758 1727 795 1763 in
819 1727 996 1764 fluctibus
1018 1740 1161 1765 aras-—

99 1790 256 1828 dorsum
277 1792 444 1828 immane
467 1792 560 1828 mari
582 1804 734 1829 summo
752 1806 761 1838 3
792 1793 857 1829 tris
880 1793 1003 1830 Eurus
1024 1794 1073 1830 ab
1094 1794 1170 1830 alto

99 1856 136 1892 in
157 1856 286 1893 brevia
306 1862 344 1892 et
364 1856 480 1904 Syrtis
501 1863 649 1904 urguet,
673 1857 889 1894 miserabile
910 1858 1005 1903 visu,

98 1921 298 1969 inliditque
314 1920 421 1958 vadis
441 1928 556 1969 atque
579 1934 717 1970 aggere
741 1923 860 1971 cingit
881 1935 1032 1961 arenae.

98 1987 240 2032 Unam,
262 1998 360 2034 quae
384 1987 522 2034 Lycios
546 1986 745 2035 fidumque
767 1987 932 2025 vehebat
953 1989 1142 2035 Oronten,

98 2051 214 2100 ipsius
235 2058 323 2088 ante
345 2052 479 2089 oculos
504 2052 639 2100 ingens
663 2065 684 2088 a
706 2053 848 2089 vertice
870 2059 1012 2101 pontus

97 2116 135 2152 in
156 2117 316 2164 puppim
338 2116 445 2153 ferit:
480 2118 670 2154 excutitur
693 2130 917 2166 pronusque
940 2119 1119 2166 magister

97 2181 257 2218 volvitur
277 2181 314 2217 in
335 2188 474 2230 caput;
507 2189 563 2219 ast
586 2183 687 2219 illam
710 2190 767 2220 ter
787 2183 922 2219 fluctus
943 2183 1088 2220 ibidem

97 2252 249 2294 torquet
268 2259 386 2294 agens
408 2248 566 2294 circum,
592 2256 629 2285 et
649 2248 806 2297 rapidus
828 2256 935 2285 vorat
955 2261 1122 2297 aequore
1143 2256 1286 2286 vortex.

97 2310 296 2359 Adparent
315 2313 385 2349 rari
407 2320 542 2350 nantes
565 2314 601 2350 in
623 2315 770 2363 gurgite
791 2322 910 2360 vasto,

96 2388 201 2412 arma
220 2376 355 2423 virum,
378 2378 623 2427 tabulaeque,
646 2386 684 2416 et
703 2380 821 2417 Troia
840 2392 933 2429 gaza
953 2392 1021 2428 per
1041 2379 1175 2417 undas.

326 2477 356 2499 92
371 2479 537 2508 solvantur.
560 2480 596 2508 R.
983 2481 1026 2502 100
1043 2485 1194 2519 conrepta.
1217 2482 1260 2512 H.

635 2529 677 2550 107
694 2529 738 2550 112
754 2531 888 2560 harenis.
913 2531 949 2560 R.

1449 181 1502 222 39

1464 494 1502 521 90

1466 823 1500 850 95

1447 1149 1502 1169 100

1448 1474 1499 1503 105

1447 1801 1500 1820 110

1448 2127 1498 2155 115
