1690 2734
192 203 362 245 111.256.]
590 196 768 236 lslands
799 197 852 249 of
875 196 944 235 tlae
975 196 1177 256 Harpz'cs.

190 320 226 356 in
248 327 397 368 partem
417 319 682 368 praedamque
705 319 839 355 Iovem
854 332 864 365 ,-
896 326 977 355 tum
998 319 1105 355 litore
1127 331 1243 356 curvo

189 384 494 432 exstruimusque
516 390 631 428 toros,
653 383 894 431 dapibusque
916 383 1116 431 epulamur
1135 384 1285 432 opimis.

187 450 236 485 At
257 449 404 486 subitae
426 448 602 485 horrifico
625 448 731 496 lapsu
753 448 802 484 de
824 448 1019 484 montibus
1040 447 1179 484 adsunt

190 514 399 563 Harpyiae,
422 520 459 549 et
479 513 626 561 magnis
648 512 825 561 quatiunt
846 513 1088 561 clangoribus
1109 514 1200 559 alas,

187 578 448 627 diripiuntque
469 577 602 626 dapes,
625 585 885 626 contactuque
907 579 1038 614 omnia
1058 578 1217 615 foedant

187 643 416 689 immund03
447 650 527 679 tum
548 655 622 679 vox
643 650 806 679 taetrum
828 642 909 679 dira
930 644 1027 679 inter
1048 643 1223 680 odorem.

188 710 354 746 Rursum
376 709 413 745 in
434 720 589 744 secessu
611 708 726 756 longo
747 708 819 744 sub
839 720 932 756 rupe
954 715 1100 754 cavata,

186 774 383 811 arboribus
405 773 523 810 clausi
544 773 690 809 circum
711 780 825 821 atque
849 773 1088 810 horrentibus
1109 775 1265 820 umbris,

185 840 406 876 instruimus
427 851 580 875 mensas
600 839 750 887 arisque
772 840 995 887 reponimus
1016 840 1144 888 ignem
1163 855 1169 876 :

185 918 332 942 rursum
354 917 401 941 ex
421 903 573 940 diverso
595 904 691 940 caeli
712 904 916 952 caecisque
939 904 1090 941 latebris

185 971 295 1007 turba
315 982 456 1007 sonans
476 968 661 1017 praedam
682 968 847 1017 pedibus
869 969 1118 1006 circumvolat
1138 971 1259 1016 uncis,

186 1035 320 1084 polluit
341 1048 405 1072 ore
428 1034 560 1083 dapes.
619 1035 739 1072 Sociis
761 1042 865 1080 tunc,
888 1047 992 1071 arma
1012 1042 1227 1083 capessant,

186 1095 312 1141 edico,
335 1103 372 1132 et
393 1095 474 1132 dira
494 1096 638 1133 bellum
659 1109 749 1132 cum
770 1103 884 1144 gente
905 1096 1132 1143 gerendum.

188 1161 308 1198 Haud
328 1173 439 1197 secus
460 1174 505 1197 ac
528 1162 614 1198 iussi
635 1162 792 1207 faciunt⁷
815 1168 1017 1209 tectosque
1040 1173 1108 1209 per
1128 1161 1286 1198 herbam

186 1226 398 1274 disponunt
420 1238 530 1262 enses
553 1233 590 1262 et
610 1233 719 1262 scuta
738 1226 894 1262 latentia
914 1226 1101 1262 condunt.

188 1292 290 1339 Ergo
312 1292 375 1328 ubi
397 1291 577 1339 delapsae
599 1291 766 1328 sonitum
788 1303 857 1339 per
877 1304 992 1327 curva
1012 1291 1156 1328 dedere

185 1357 304 1401 litora,
328 1356 393 1393 dat
414 1357 562 1404 signum
585 1357 742 1404 specula
764 1357 937 1393 Misenus
958 1352 1006 1393 al')
1026 1357 1101 1393 alta

185 1434 271 1458 aere
294 1434 400 1458 cavo.
460 1421 653 1458 Invadunt
674 1422 780 1467 socii,
803 1429 840 1458 et
861 1434 961 1458 nova
980 1423 1125 1470 proelia
1145 1430 1346 1471 temptant,

185 1487 374 1523 obscenas
395 1487 521 1534 pelagi
545 1487 642 1523 ferro
665 1486 822 1523 foedare
842 1487 1015 1523 volucres
1034 1502 1040 1523 :

185 1550 254 1587 sed
275 1564 401 1599 neque
422 1551 498 1587 vim
519 1552 657 1599 plumis
680 1552 793 1588 ullam
815 1564 888 1588 nec
909 1552 1066 1588 volnera
1086 1559 1195 1603 tergo

185 1616 392 1665 accipiunt,
414 1616 607 1664 celerique
629 1617 717 1664 fuga
737 1617 808 1653 sub
830 1616 955 1653 sidera
974 1617 1103 1665 lapsae

185 1693 374 1718 semesam
396 1681 581 1729 praedam
604 1689 640 1718 et
660 1682 819 1730 vestigia
838 1682 954 1718 foeda
973 1683 1203 1731 relinquunt.

239 1747 328 1784 Una
348 1747 385 1782 in
407 1747 603 1794 praecelsa
624 1746 802 1783 consedit
822 1760 916 1796 rupe
938 1748 1121 1792 Celaeno,

185 1811 314 1847 infelix
334 1818 451 1856 vates,
473 1812 692 1860 rumpitque
715 1812 815 1848 hanc
836 1819 994 1860 pectore
1017 1826 1155 1850 vocem
1173 1828 1179 1850 :

185 1878 195 1895 ‘
211 1877 356 1912 Bellum
378 1877 491 1913 etiam
514 1889 582 1925 pro
605 1877 726 1914 caede
748 1878 866 1914 boum
887 1879 1087 1926 stratisque
1110 1879 1292 1924 iuvencis,

186 1941 555 1987 Laomedontiadae,
579 1942 772 1979 bellumne
797 1943 933 1979 inferre
955 1944 1106 1991 paratis,

184 2013 221 2043 et
242 2007 364 2054 patrio
390 2008 580 2056 Harpyias
604 2008 766 2044 insontis
787 2008 928 2056 pellere
949 2010 1096 2057 regno?

183 2072 360 2120 Accipite
383 2084 473 2121 ergo
497 2073 631 2109 animis
654 2080 768 2121 atque
790 2073 887 2110 haec
909 2086 995 2109 mea
1015 2074 1118 2121 figite
1141 2073 1256 2119 dicta,

184 2149 283 2185 qnae
307 2137 466 2174 Phoebo
488 2146 596 2186 pater
619 2139 879 2187 omnipotens,
902 2138 993 2175 mihi
1018 2139 1196 2176 Phoebus
1217 2140 1355 2188 Apollo

183 2201 383 2250 praedixit,
405 2203 513 2240 vobis
536 2204 733 2240 Furiarum
755 2216 828 2252 ego
849 2216 1030 2240 maxuma
1050 2203 1194 2252 pando.

185 2267 335 2303 Italiam
357 2279 470 2304 cursu
492 2269 632 2316 petitis,
653 2269 855 2317 ventisque
876 2269 1021 2305 vocatis

183 2331 283 2368 ibitis
306 2331 467 2377 Italiam,
488 2340 698 2381 portusque
720 2334 857 2370 intrare
879 2334 1008 2370 licebit
1025 2347 1033 2379 3

183 2395 254 2432 sed
273 2408 353 2432 non
373 2403 461 2433 ante
483 2396 612 2434 datam
635 2398 795 2446 cingetis
816 2399 1019 2435 moenibus
1041 2399 1186 2445 urbem,

183 2471 300 2508 quam
319 2472 388 2498 vos
409 2460 490 2498 dira
510 2461 629 2498 fames
650 2469 880 2511 nostraeque
902 2463 1036 2499 iniuria
1058 2463 1188 2500 caedis

450 2544 494 2566 2³⁰
512 2545 659 2582 Rejected
675 2547 714 2584 by
731 2547 766 2576 R.
1024 2547 1067 2566 ’ΖΗ
1083 2557 1253 2576 semcssam.
1278 2548 1312 2576 R.

1531 209 1580 250 91

1533 455 1587 484 225

1533 782 1589 810 230

1531 1103 1585 1131 235

1530 1431 1586 1458 240

1530 1755 1584 1784 245

1530 2083 1585 2111 250
