<?xml version="1.0" encoding="UTF-8"?>
<!DOCTYPE html PUBLIC "-//W3C//DTD XHTML 1.0 Transitional//EN"
    "http://www.w3.org/TR/xhtml1/DTD/xhtml1-transitional.dtd">
<html xmlns="http://www.w3.org/1999/xhtml" xml:lang="en" lang="en">
 <head>
  <title>
</title>
<meta http-equiv="Content-Type" content="text/html;charset=utf-8" />
  <meta name='ocr-system' content='tesseract 3.04.00' />
  <meta name='ocr-capabilities' content='ocr_page ocr_carea ocr_par ocr_line ocrx_word'/>
</head>
<body>
  <div class='ocr_page' id='page_1' title='image "./bucolicaaeneisge00virguoft/bucolicaaeneisge00virguoft_0217.png"; bbox 0 0 1690 2734; ppageno 0'>
   <div class='ocr_carea' id='block_1_1' title="bbox 182 209 1304 262">
    <p class='ocr_par' dir='ltr' id='par_1_1' title="bbox 182 209 1304 262">
     <span class='ocr_line' id='line_1_1' title="bbox 182 209 1304 262; baseline 0.004 -17"><span class='ocrx_word' id='word_1_1' title='bbox 182 214 344 257; x_wconf 88' lang='lat' dir='ltr'>V1.836.]</span> <span class='ocrx_word' id='word_1_2' title='bbox 451 209 620 250; x_wconf 79' lang='lat' dir='ltr'><strong>Slzadcs</strong></span> <span class='ocrx_word' id='word_1_3' title='bbox 652 211 706 262; x_wconf 83' lang='lat' dir='ltr'><strong>of</strong></span> <span class='ocrx_word' id='word_1_4' title='bbox 727 210 891 250; x_wconf 75' lang='lat' dir='ltr'><strong>Futztre</strong></span> <span class='ocrx_word' id='word_1_5' title='bbox 922 210 1096 250; x_wconf 80' lang='lat' dir='ltr'><em>Roman</em></span> <span class='ocrx_word' id='word_1_6' title='bbox 1129 209 1304 251; x_wconf 76' lang='lat' dir='ltr'><strong>Heroes.</strong></span> 
     </span>
    </p>
   </div>
   <div class='ocr_carea' id='block_1_2' title="bbox 142 332 1292 1101">
    <p class='ocr_par' dir='ltr' id='par_1_2' title="bbox 181 332 1175 381">
     <span class='ocr_line' id='line_1_2' title="bbox 181 332 1175 381; baseline -0.001 -12"><span class='ocrx_word' id='word_1_7' title='bbox 181 344 266 379; x_wconf 90' lang='lat' dir='ltr'><strong>nec,</strong></span> <span class='ocrx_word' id='word_1_8' title='bbox 289 333 354 381; x_wconf 90' lang='lat' dir='ltr'><strong>qui</strong></span> <span class='ocrx_word' id='word_1_9' title='bbox 376 333 592 381; x_wconf 80' lang='lat' dir='ltr'>pampineis</span> <span class='ocrx_word' id='word_1_10' title='bbox 614 333 734 369; x_wconf 89' lang='lat' dir='ltr'><strong>victor</strong></span> <span class='ocrx_word' id='word_1_11' title='bbox 756 333 842 381; x_wconf 86' lang='lat' dir='ltr'><strong>iuga</strong></span> <span class='ocrx_word' id='word_1_12' title='bbox 862 332 980 369; x_wconf 89' lang='lat' dir='ltr'><strong>flectit</strong></span> <span class='ocrx_word' id='word_1_13' title='bbox 1002 332 1175 378; x_wconf 78' lang='lat' dir='ltr'>habenis,</span> 
     </span>
    </p>

    <p class='ocr_par' dir='ltr' id='par_1_3' title="bbox 183 397 1106 446">
     <span class='ocr_line' id='line_1_3' title="bbox 183 397 1106 446; baseline 0 -12"><span class='ocrx_word' id='word_1_14' title='bbox 183 398 307 444; x_wconf 84' lang='lat' dir='ltr'><strong>Liber,</strong></span> <span class='ocrx_word' id='word_1_15' title='bbox 328 410 446 446; x_wconf 86' lang='lat' dir='ltr'><strong>agens</strong></span> <span class='ocrx_word' id='word_1_16' title='bbox 467 398 572 434; x_wconf 87' lang='lat' dir='ltr'><strong>celso</strong></span> <span class='ocrx_word' id='word_1_17' title='bbox 596 398 724 446; x_wconf 81' lang='lat' dir='ltr'>Nysae</span> <span class='ocrx_word' id='word_1_18' title='bbox 746 397 795 434; x_wconf 85' lang='lat' dir='ltr'><strong>de</strong></span> <span class='ocrx_word' id='word_1_19' title='bbox 816 398 957 434; x_wconf 90' lang='lat' dir='ltr'><strong>vertice</strong></span> <span class='ocrx_word' id='word_1_20' title='bbox 979 398 1106 445; x_wconf 84' lang='lat' dir='ltr'><strong>tigres.</strong></span> 
     </span>
    </p>

    <p class='ocr_par' dir='ltr' id='par_1_4' title="bbox 182 462 1137 508">
     <span class='ocr_line' id='line_1_4' title="bbox 182 462 1137 508; baseline 0 -9"><span class='ocrx_word' id='word_1_21' title='bbox 182 463 232 499; x_wconf 90' lang='lat' dir='ltr'><strong>Et</strong></span> <span class='ocrx_word' id='word_1_22' title='bbox 253 462 472 500; x_wconf 82' lang='lat' dir='ltr'>dubitamus</span> <span class='ocrx_word' id='word_1_23' title='bbox 493 463 622 500; x_wconf 84' lang='lat' dir='ltr'><strong>adhuc</strong></span> <span class='ocrx_word' id='word_1_24' title='bbox 642 463 777 499; x_wconf 90' lang='lat' dir='ltr'><strong>virtute</strong></span> <span class='ocrx_word' id='word_1_25' title='bbox 799 462 1007 499; x_wconf 79' lang='lat' dir='ltr'><strong>extendere</strong></span> <span class='ocrx_word' id='word_1_26' title='bbox 1029 463 1137 508; x_wconf 87' lang='lat' dir='ltr'><strong>vires,</strong></span> 
     </span>
    </p>

    <p class='ocr_par' dir='ltr' id='par_1_5' title="bbox 180 528 1198 641">
     <span class='ocr_line' id='line_1_5' title="bbox 180 528 1157 576; baseline 0 -12"><span class='ocrx_word' id='word_1_27' title='bbox 180 535 244 564; x_wconf 88' lang='lat' dir='ltr'><strong>aut</strong></span> <span class='ocrx_word' id='word_1_28' title='bbox 266 536 390 565; x_wconf 89' lang='lat' dir='ltr'><strong>metus</strong></span> <span class='ocrx_word' id='word_1_29' title='bbox 413 529 581 565; x_wconf 83' lang='lat' dir='ltr'><strong>Ausonia</strong></span> <span class='ocrx_word' id='word_1_30' title='bbox 601 528 780 576; x_wconf 83' lang='lat' dir='ltr'><strong>prohibet</strong></span> <span class='ocrx_word' id='word_1_31' title='bbox 801 528 1008 564; x_wconf 78' lang='lat' dir='ltr'><strong>consistere</strong></span> <span class='ocrx_word' id='word_1_32' title='bbox 1030 529 1157 564; x_wconf 88' lang='lat' dir='ltr'><strong>terra?</strong></span> 
     </span>
     <span class='ocr_line' id='line_1_6' title="bbox 236 593 1198 641; baseline 0.001 -12"><span class='ocrx_word' id='word_1_33' title='bbox 236 593 356 640; x_wconf 83' lang='lat' dir='ltr'><strong>‘Quis</strong></span> <span class='ocrx_word' id='word_1_34' title='bbox 377 594 512 641; x_wconf 90' lang='lat' dir='ltr'><strong>procul</strong></span> <span class='ocrx_word' id='word_1_35' title='bbox 532 594 592 630; x_wconf 89' lang='lat' dir='ltr'><strong>ille</strong></span> <span class='ocrx_word' id='word_1_36' title='bbox 613 601 742 630; x_wconf 87' lang='lat' dir='ltr'><strong>autem</strong></span> <span class='ocrx_word' id='word_1_37' title='bbox 764 593 877 629; x_wconf 88' lang='lat' dir='ltr'><strong>ramis</strong></span> <span class='ocrx_word' id='word_1_38' title='bbox 897 593 1054 640; x_wconf 79' lang='lat' dir='ltr'><strong>insignis</strong></span> <span class='ocrx_word' id='word_1_39' title='bbox 1076 594 1198 630; x_wconf 87' lang='lat' dir='ltr'><strong>olivae</strong></span> 
     </span>
    </p>

    <p class='ocr_par' dir='ltr' id='par_1_6' title="bbox 181 658 1186 705">
     <span class='ocr_line' id='line_1_7' title="bbox 181 658 1186 705; baseline 0.002 -11"><span class='ocrx_word' id='word_1_40' title='bbox 181 670 287 694; x_wconf 90' lang='lat' dir='ltr'><strong>sacra</strong></span> <span class='ocrx_word' id='word_1_41' title='bbox 307 659 459 695; x_wconf 88' lang='lat' dir='ltr'><strong>ferens?</strong></span> <span class='ocrx_word' id='word_1_42' title='bbox 517 659 651 695; x_wconf 85' lang='lat' dir='ltr'><strong>Nosco</strong></span> <span class='ocrx_word' id='word_1_43' title='bbox 673 659 795 694; x_wconf 90' lang='lat' dir='ltr'><strong>crines</strong></span> <span class='ocrx_word' id='word_1_44' title='bbox 818 658 1034 705; x_wconf 81' lang='lat' dir='ltr'><strong>incanaque</strong></span> <span class='ocrx_word' id='word_1_45' title='bbox 1057 666 1186 696; x_wconf 84' lang='lat' dir='ltr'><strong>menta</strong></span> 
     </span>
    </p>

    <p class='ocr_par' dir='ltr' id='par_1_7' title="bbox 180 723 1057 772">
     <span class='ocr_line' id='line_1_8' title="bbox 180 723 1057 772; baseline 0.001 -13"><span class='ocrx_word' id='word_1_46' title='bbox 180 723 280 771; x_wconf 89' lang='lat' dir='ltr'><strong>regis</strong></span> <span class='ocrx_word' id='word_1_47' title='bbox 301 724 480 769; x_wconf 90' lang='lat' dir='ltr'><strong>Romani,</strong></span> <span class='ocrx_word' id='word_1_48' title='bbox 503 724 646 772; x_wconf 83' lang='lat' dir='ltr'><strong>primus</strong></span> <span class='ocrx_word' id='word_1_49' title='bbox 667 723 732 771; x_wconf 90' lang='lat' dir='ltr'><strong>qui</strong></span> <span class='ocrx_word' id='word_1_50' title='bbox 754 723 901 771; x_wconf 90' lang='lat' dir='ltr'><strong>legibus</strong></span> <span class='ocrx_word' id='word_1_51' title='bbox 923 725 1057 760; x_wconf 91' lang='lat' dir='ltr'><strong>urbem</strong></span> 
     </span>
    </p>

    <p class='ocr_par' dir='ltr' id='par_1_8' title="bbox 180 787 1069 836">
     <span class='ocr_line' id='line_1_9' title="bbox 180 787 1069 836; baseline 0.002 -12"><span class='ocrx_word' id='word_1_52' title='bbox 180 787 367 834; x_wconf 84' lang='lat' dir='ltr'><strong>fundabit,</strong></span> <span class='ocrx_word' id='word_1_53' title='bbox 391 789 554 826; x_wconf 86' lang='lat' dir='ltr'><strong>Curibus</strong></span> <span class='ocrx_word' id='word_1_54' title='bbox 576 789 699 836; x_wconf 81' lang='lat' dir='ltr'><strong>parvis</strong></span> <span class='ocrx_word' id='word_1_55' title='bbox 722 795 759 824; x_wconf 89' lang='lat' dir='ltr'><strong>et</strong></span> <span class='ocrx_word' id='word_1_56' title='bbox 779 800 950 836; x_wconf 81' lang='lat' dir='ltr'><strong>paupere</strong></span> <span class='ocrx_word' id='word_1_57' title='bbox 972 796 1069 826; x_wconf 86' lang='lat' dir='ltr'><strong>terra</strong></span> 
     </span>
    </p>

    <p class='ocr_par' dir='ltr' id='par_1_9' title="bbox 181 853 1292 901">
     <span class='ocr_line' id='line_1_10' title="bbox 181 853 1292 901; baseline 0.004 -12"><span class='ocrx_word' id='word_1_58' title='bbox 181 853 316 889; x_wconf 90' lang='lat' dir='ltr'><strong>missus</strong></span> <span class='ocrx_word' id='word_1_59' title='bbox 338 853 374 889; x_wconf 89' lang='lat' dir='ltr'><strong>in</strong></span> <span class='ocrx_word' id='word_1_60' title='bbox 396 854 598 901; x_wconf 90' lang='lat' dir='ltr'><strong>imperium</strong></span> <span class='ocrx_word' id='word_1_61' title='bbox 622 865 817 901; x_wconf 85' lang='lat' dir='ltr'><strong>magnum.</strong></span> <span class='ocrx_word' id='word_1_62' title='bbox 878 854 949 891; x_wconf 88' lang='lat' dir='ltr'><strong>Cui</strong></span> <span class='ocrx_word' id='word_1_63' title='bbox 973 853 1115 891; x_wconf 87' lang='lat' dir='ltr'><strong>deinde</strong></span> <span class='ocrx_word' id='word_1_64' title='bbox 1138 855 1292 901; x_wconf 87' lang='lat' dir='ltr'><strong>subibit,</strong></span> 
     </span>
    </p>

    <p class='ocr_par' dir='ltr' id='par_1_10' title="bbox 179 917 1115 967">
     <span class='ocr_line' id='line_1_11' title="bbox 179 917 1115 967; baseline 0.003 -13"><span class='ocrx_word' id='word_1_65' title='bbox 179 919 257 955; x_wconf 90' lang='lat' dir='ltr'><strong>otia</strong></span> <span class='ocrx_word' id='word_1_66' title='bbox 277 918 341 966; x_wconf 89' lang='lat' dir='ltr'><strong>qui</strong></span> <span class='ocrx_word' id='word_1_67' title='bbox 362 925 514 966; x_wconf 86' lang='lat' dir='ltr'><strong>rumpet</strong></span> <span class='ocrx_word' id='word_1_68' title='bbox 536 919 680 966; x_wconf 87' lang='lat' dir='ltr'><strong>patriae</strong></span> <span class='ocrx_word' id='word_1_69' title='bbox 700 917 922 967; x_wconf 85' lang='lat' dir='ltr'><strong>residesque</strong></span> <span class='ocrx_word' id='word_1_70' title='bbox 944 920 1115 957; x_wconf 86' lang='lat' dir='ltr'><strong>movebit</strong></span> 
     </span>
    </p>

    <p class='ocr_par' dir='ltr' id='par_1_11' title="bbox 179 983 1176 1034">
     <span class='ocr_line' id='line_1_12' title="bbox 179 983 1176 1034; baseline 0.002 -14"><span class='ocrx_word' id='word_1_71' title='bbox 179 983 310 1020; x_wconf 89' lang='lat' dir='ltr'><strong>Tullus</strong></span> <span class='ocrx_word' id='word_1_72' title='bbox 332 983 368 1019; x_wconf 91' lang='lat' dir='ltr'><strong>in</strong></span> <span class='ocrx_word' id='word_1_73' title='bbox 390 995 495 1019; x_wconf 90' lang='lat' dir='ltr'><strong>arma</strong></span> <span class='ocrx_word' id='word_1_74' title='bbox 515 983 614 1020; x_wconf 83' lang='lat' dir='ltr'><strong>viros</strong></span> <span class='ocrx_word' id='word_1_75' title='bbox 635 989 673 1019; x_wconf 93' lang='lat' dir='ltr'><strong>et</strong></span> <span class='ocrx_word' id='word_1_76' title='bbox 697 984 771 1020; x_wconf 88' lang='lat' dir='ltr'><strong>iam</strong></span> <span class='ocrx_word' id='word_1_77' title='bbox 794 983 955 1022; x_wconf 82' lang='lat' dir='ltr'><strong>desueta</strong></span> <span class='ocrx_word' id='word_1_78' title='bbox 975 985 1176 1034; x_wconf 85' lang='lat' dir='ltr'><strong>triumphis</strong></span> 
     </span>
    </p>

    <p class='ocr_par' dir='ltr' id='par_1_12' title="bbox 142 1048 1232 1101">
     <span class='ocr_line' id='line_1_13' title="bbox 142 1048 1232 1101; baseline 0.004 -17"><span class='ocrx_word' id='word_1_79' title='bbox 142 1096 145 1101; x_wconf 33' lang='grc' dir='ltr'><strong><em>Ι</em></strong></span> <span class='ocrx_word' id='word_1_80' title='bbox 180 1049 344 1097; x_wconf 82' lang='lat' dir='ltr'><strong>agmina.</strong></span> <span class='ocrx_word' id='word_1_81' title='bbox 403 1048 532 1096; x_wconf 88' lang='lat' dir='ltr'><strong>Quem</strong></span> <span class='ocrx_word' id='word_1_82' title='bbox 554 1049 658 1085; x_wconf 82' lang='lat' dir='ltr'><strong>iuxta</strong></span> <span class='ocrx_word' id='word_1_83' title='bbox 678 1049 848 1097; x_wconf 86' lang='lat' dir='ltr'><strong>sequitur</strong></span> <span class='ocrx_word' id='word_1_84' title='bbox 869 1050 1070 1088; x_wconf 82' lang='lat' dir='ltr'><strong>iactantior</strong></span> <span class='ocrx_word' id='word_1_85' title='bbox 1091 1053 1232 1097; x_wconf 81' lang='lat' dir='ltr'><strong>Ancus,</strong></span> 
     </span>
    </p>
   </div>
   <div class='ocr_carea' id='block_1_3' title="bbox 128 1114 1339 1165">
    <p class='ocr_par' dir='ltr' id='par_1_13' title="bbox 128 1114 1339 1165">
     <span class='ocr_line' id='line_1_14' title="bbox 128 1114 1339 1165; baseline 0.003 -15"><span class='ocrx_word' id='word_1_86' title='bbox 128 1119 130 1123; x_wconf 84' lang='grc'>’</span> <span class='ocrx_word' id='word_1_87' title='bbox 180 1127 283 1151; x_wconf 90' lang='lat' dir='ltr'><strong>nunc</strong></span> <span class='ocrx_word' id='word_1_88' title='bbox 305 1126 460 1162; x_wconf 89' lang='lat' dir='ltr'><strong>quoque</strong></span> <span class='ocrx_word' id='word_1_89' title='bbox 484 1114 559 1150; x_wconf 85' lang='lat' dir='ltr'><strong>iam</strong></span> <span class='ocrx_word' id='word_1_90' title='bbox 581 1114 743 1152; x_wconf 90' lang='lat' dir='ltr'><strong>nimium</strong></span> <span class='ocrx_word' id='word_1_91' title='bbox 763 1115 936 1164; x_wconf 87' lang='lat' dir='ltr'><strong>gaudens</strong></span> <span class='ocrx_word' id='word_1_92' title='bbox 959 1117 1206 1165; x_wconf 90' lang='lat' dir='ltr'><strong>popularibus</strong></span> <span class='ocrx_word' id='word_1_93' title='bbox 1229 1119 1339 1154; x_wconf 89' lang='lat' dir='ltr'><strong>auris.</strong></span> 
     </span>
    </p>
   </div>
   <div class='ocr_carea' id='block_1_4' title="bbox 179 1180 1324 1818">
    <p class='ocr_par' dir='ltr' id='par_1_14' title="bbox 180 1180 1198 1230">
     <span class='ocr_line' id='line_1_15' title="bbox 180 1180 1198 1230; baseline 0.003 -14"><span class='ocrx_word' id='word_1_94' title='bbox 180 1181 245 1217; x_wconf 88' lang='lat' dir='ltr'><strong>Vis</strong></span> <span class='ocrx_word' id='word_1_95' title='bbox 267 1187 305 1216; x_wconf 93' lang='lat' dir='ltr'><strong>et</strong></span> <span class='ocrx_word' id='word_1_96' title='bbox 325 1180 556 1228; x_wconf 85' lang='lat' dir='ltr'><strong>Tarquinios</strong></span> <span class='ocrx_word' id='word_1_97' title='bbox 578 1193 697 1229; x_wconf 88' lang='lat' dir='ltr'><strong>reges,</strong></span> <span class='ocrx_word' id='word_1_98' title='bbox 722 1182 968 1230; x_wconf 85' lang='lat' dir='ltr'><strong>animamque</strong></span> <span class='ocrx_word' id='word_1_99' title='bbox 992 1183 1198 1230; x_wconf 86' lang='lat' dir='ltr'><strong>superbam</strong></span> 
     </span>
    </p>

    <p class='ocr_par' dir='ltr' id='par_1_15' title="bbox 180 1245 1055 1296">
     <span class='ocr_line' id='line_1_16' title="bbox 180 1245 1055 1296; baseline 0.003 -15"><span class='ocrx_word' id='word_1_100' title='bbox 180 1245 310 1282; x_wconf 87' lang='lat' dir='ltr'><strong>ultoris</strong></span> <span class='ocrx_word' id='word_1_101' title='bbox 332 1247 448 1292; x_wconf 85' lang='lat' dir='ltr'><strong>Bruti,</strong></span> <span class='ocrx_word' id='word_1_102' title='bbox 473 1247 674 1296; x_wconf 82' lang='lat' dir='ltr'><strong>fascesque</strong></span> <span class='ocrx_word' id='word_1_103' title='bbox 696 1246 826 1284; x_wconf 89' lang='lat' dir='ltr'><strong>videre</strong></span> <span class='ocrx_word' id='word_1_104' title='bbox 848 1247 1055 1295; x_wconf 86' lang='lat' dir='ltr'><strong>receptos?</strong></span> 
     </span>
    </p>

    <p class='ocr_par' dir='ltr' id='par_1_16' title="bbox 181 1311 1241 1361">
     <span class='ocr_line' id='line_1_17' title="bbox 181 1311 1241 1361; baseline 0.001 -12"><span class='ocrx_word' id='word_1_105' title='bbox 181 1311 359 1349; x_wconf 84' lang='lat' dir='ltr'><strong>Consulis</strong></span> <span class='ocrx_word' id='word_1_106' title='bbox 380 1312 584 1361; x_wconf 86' lang='lat' dir='ltr'><strong>imperium</strong></span> <span class='ocrx_word' id='word_1_107' title='bbox 606 1312 668 1349; x_wconf 85' lang='lat' dir='ltr'><strong>hic</strong></span> <span class='ocrx_word' id='word_1_108' title='bbox 690 1313 833 1361; x_wconf 87' lang='lat' dir='ltr'><strong>primus</strong></span> <span class='ocrx_word' id='word_1_109' title='bbox 855 1324 1064 1360; x_wconf 85' lang='lat' dir='ltr'><strong>saevasque</strong></span> <span class='ocrx_word' id='word_1_110' title='bbox 1087 1325 1241 1350; x_wconf 88' lang='lat' dir='ltr'><strong>secures</strong></span> 
     </span>
    </p>

    <p class='ocr_par' dir='ltr' id='par_1_17' title="bbox 179 1377 1162 1427">
     <span class='ocr_line' id='line_1_18' title="bbox 179 1377 1162 1427; baseline 0.002 -14"><span class='ocrx_word' id='word_1_111' title='bbox 179 1377 357 1426; x_wconf 85' lang='lat' dir='ltr'><strong>accipiet,</strong></span> <span class='ocrx_word' id='word_1_112' title='bbox 380 1386 568 1427; x_wconf 86' lang='lat' dir='ltr'><strong>natosque</strong></span> <span class='ocrx_word' id='word_1_113' title='bbox 591 1384 699 1427; x_wconf 86' lang='lat' dir='ltr'><strong>pater</strong></span> <span class='ocrx_word' id='word_1_114' title='bbox 720 1390 821 1415; x_wconf 89' lang='lat' dir='ltr'><strong>nova</strong></span> <span class='ocrx_word' id='word_1_115' title='bbox 841 1377 941 1414; x_wconf 86' lang='lat' dir='ltr'><strong>bella</strong></span> <span class='ocrx_word' id='word_1_116' title='bbox 961 1384 1162 1415; x_wconf 85' lang='lat' dir='ltr'><strong>moventes</strong></span> 
     </span>
    </p>

    <p class='ocr_par' dir='ltr' id='par_1_18' title="bbox 180 1441 1073 1492">
     <span class='ocr_line' id='line_1_19' title="bbox 180 1441 1073 1492; baseline 0.002 -14"><span class='ocrx_word' id='word_1_117' title='bbox 180 1441 229 1478; x_wconf 85' lang='lat' dir='ltr'><strong>ad</strong></span> <span class='ocrx_word' id='word_1_118' title='bbox 250 1455 417 1491; x_wconf 85' lang='lat' dir='ltr'><strong>poenam</strong></span> <span class='ocrx_word' id='word_1_119' title='bbox 438 1443 601 1492; x_wconf 83' lang='lat' dir='ltr'><strong>pulchra</strong></span> <span class='ocrx_word' id='word_1_120' title='bbox 621 1455 691 1492; x_wconf 90' lang='lat' dir='ltr'><strong>pro</strong></span> <span class='ocrx_word' id='word_1_121' title='bbox 713 1443 885 1480; x_wconf 90' lang='lat' dir='ltr'><strong>libertate</strong></span> <span class='ocrx_word' id='word_1_122' title='bbox 908 1443 1073 1480; x_wconf 88' lang='lat' dir='ltr'><strong>vocabit.</strong></span> 
     </span>
    </p>

    <p class='ocr_par' dir='ltr' id='par_1_19' title="bbox 182 1508 1097 1558">
     <span class='ocr_line' id='line_1_20' title="bbox 182 1508 1097 1558; baseline 0.001 -14"><span class='ocrx_word' id='word_1_123' title='bbox 182 1508 328 1554; x_wconf 87' lang='lat' dir='ltr'><strong>Infelix,</strong></span> <span class='ocrx_word' id='word_1_124' title='bbox 351 1515 562 1558; x_wconf 89' lang='lat' dir='ltr'><strong>utcumque</strong></span> <span class='ocrx_word' id='word_1_125' title='bbox 584 1509 707 1546; x_wconf 90' lang='lat' dir='ltr'><strong>ferent</strong></span> <span class='ocrx_word' id='word_1_126' title='bbox 728 1521 774 1545; x_wconf 86' lang='lat' dir='ltr'><strong>ea</strong></span> <span class='ocrx_word' id='word_1_127' title='bbox 795 1508 896 1546; x_wconf 89' lang='lat' dir='ltr'><strong>facta</strong></span> <span class='ocrx_word' id='word_1_128' title='bbox 918 1509 1097 1553; x_wconf 86' lang='lat' dir='ltr'><strong>minores,</strong></span> 
     </span>
    </p>

    <p class='ocr_par' dir='ltr' id='par_1_20' title="bbox 180 1573 1248 1623">
     <span class='ocr_line' id='line_1_21' title="bbox 180 1573 1248 1623; baseline 0.004 -15"><span class='ocrx_word' id='word_1_129' title='bbox 180 1573 307 1610; x_wconf 85' lang='lat' dir='ltr'><strong>vincet</strong></span> <span class='ocrx_word' id='word_1_130' title='bbox 327 1586 436 1611; x_wconf 90' lang='lat' dir='ltr'><strong>amor</strong></span> <span class='ocrx_word' id='word_1_131' title='bbox 454 1575 599 1623; x_wconf 87' lang='lat' dir='ltr'><strong>patriae</strong></span> <span class='ocrx_word' id='word_1_132' title='bbox 622 1573 858 1622; x_wconf 88' lang='lat' dir='ltr'><strong>laudumque</strong></span> <span class='ocrx_word' id='word_1_133' title='bbox 881 1574 1069 1610; x_wconf 86' lang='lat' dir='ltr'><strong>immensa</strong></span> <span class='ocrx_word' id='word_1_134' title='bbox 1091 1574 1248 1622; x_wconf 82' lang='lat' dir='ltr'><strong>cupido.</strong></span> 
     </span>
    </p>

    <p class='ocr_par' dir='ltr' id='par_1_21' title="bbox 181 1638 1260 1688">
     <span class='ocr_line' id='line_1_22' title="bbox 181 1638 1260 1688; baseline 0.002 -14"><span class='ocrx_word' id='word_1_135' title='bbox 181 1638 286 1685; x_wconf 85' lang='lat' dir='ltr'><strong>Quin</strong></span> <span class='ocrx_word' id='word_1_136' title='bbox 308 1639 452 1676; x_wconf 89' lang='lat' dir='ltr'><strong>Decios</strong></span> <span class='ocrx_word' id='word_1_137' title='bbox 475 1640 700 1688; x_wconf 85' lang='lat' dir='ltr'><strong>Drusosque</strong></span> <span class='ocrx_word' id='word_1_138' title='bbox 724 1639 857 1687; x_wconf 90' lang='lat' dir='ltr'><strong>procul</strong></span> <span class='ocrx_word' id='word_1_139' title='bbox 880 1650 1114 1687; x_wconf 89' lang='lat' dir='ltr'><strong>saevumque</strong></span> <span class='ocrx_word' id='word_1_140' title='bbox 1137 1639 1260 1676; x_wconf 90' lang='lat' dir='ltr'><strong>securi</strong></span> 
     </span>
    </p>

    <p class='ocr_par' dir='ltr' id='par_1_22' title="bbox 180 1701 1324 1818">
     <span class='ocr_line' id='line_1_23' title="bbox 180 1701 1250 1753; baseline 0.003 -15"><span class='ocrx_word' id='word_1_141' title='bbox 180 1701 570 1753; x_wconf 68' lang='lat' dir='ltr'><strong>aspiceTorquatum</strong></span> <span class='ocrx_word' id='word_1_142' title='bbox 591 1712 629 1742; x_wconf 92' lang='lat' dir='ltr'><strong>et</strong></span> <span class='ocrx_word' id='word_1_143' title='bbox 651 1706 879 1742; x_wconf 85' lang='lat' dir='ltr'><strong>referentem</strong></span> <span class='ocrx_word' id='word_1_144' title='bbox 903 1704 1011 1752; x_wconf 85' lang='lat' dir='ltr'><strong>signa</strong></span> <span class='ocrx_word' id='word_1_145' title='bbox 1032 1704 1250 1741; x_wconf 89' lang='lat' dir='ltr'><strong>Camillum.</strong></span> 
     </span>
     <span class='ocr_line' id='line_1_24' title="bbox 235 1768 1324 1818; baseline 0.001 -14"><span class='ocrx_word' id='word_1_146' title='bbox 235 1768 352 1805; x_wconf 86' lang='lat' dir='ltr'><strong>‘Illae</strong></span> <span class='ocrx_word' id='word_1_147' title='bbox 372 1776 514 1815; x_wconf 90' lang='lat' dir='ltr'><strong>autem,</strong></span> <span class='ocrx_word' id='word_1_148' title='bbox 537 1770 691 1818; x_wconf 87' lang='lat' dir='ltr'><strong>paribus</strong></span> <span class='ocrx_word' id='word_1_149' title='bbox 713 1782 807 1818; x_wconf 88' lang='lat' dir='ltr'><strong>quas</strong></span> <span class='ocrx_word' id='word_1_150' title='bbox 830 1768 973 1817; x_wconf 89' lang='lat' dir='ltr'><strong>fulgere</strong></span> <span class='ocrx_word' id='word_1_151' title='bbox 995 1768 1119 1805; x_wconf 89' lang='lat' dir='ltr'><strong>cernis</strong></span> <span class='ocrx_word' id='word_1_152' title='bbox 1141 1769 1177 1805; x_wconf 92' lang='lat' dir='ltr'><strong>in</strong></span> <span class='ocrx_word' id='word_1_153' title='bbox 1198 1770 1324 1814; x_wconf 90' lang='lat' dir='ltr'><strong>armis,</strong></span> 
     </span>
    </p>
   </div>
   <div class='ocr_carea' id='block_1_5' title="bbox 125 1833 1266 1883">
    <p class='ocr_par' dir='ltr' id='par_1_23' title="bbox 125 1833 1266 1883">
     <span class='ocr_line' id='line_1_25' title="bbox 125 1833 1266 1883; baseline 0 -14"><span class='ocrx_word' id='word_1_154' title='bbox 125 1878 128 1883; x_wconf 19' lang='grc' dir='ltr'><strong>Α</strong></span> <span class='ocrx_word' id='word_1_155' title='bbox 181 1833 397 1871; x_wconf 87' lang='lat' dir='ltr'><strong>concordes</strong></span> <span class='ocrx_word' id='word_1_156' title='bbox 418 1835 567 1871; x_wconf 87' lang='lat' dir='ltr'><strong>animae</strong></span> <span class='ocrx_word' id='word_1_157' title='bbox 589 1847 693 1872; x_wconf 86' lang='lat' dir='ltr'><strong>nunc</strong></span> <span class='ocrx_word' id='word_1_158' title='bbox 716 1841 754 1872; x_wconf 91' lang='lat' dir='ltr'><strong>et</strong></span> <span class='ocrx_word' id='word_1_159' title='bbox 775 1834 869 1872; x_wconf 90' lang='lat' dir='ltr'><strong>dum</strong></span> <span class='ocrx_word' id='word_1_160' title='bbox 892 1840 1006 1870; x_wconf 86' lang='lat' dir='ltr'><strong>nocte</strong></span> <span class='ocrx_word' id='word_1_161' title='bbox 1029 1840 1266 1881; x_wconf 88' lang='lat' dir='ltr'><strong>premuntur,</strong></span> 
     </span>
    </p>
   </div>
   <div class='ocr_carea' id='block_1_6' title="bbox 181 1898 1209 2466">
    <p class='ocr_par' dir='ltr' id='par_1_24' title="bbox 181 1898 1209 2401">
     <span class='ocr_line' id='line_1_26' title="bbox 182 1898 1159 1947; baseline 0.001 -13"><span class='ocrx_word' id='word_1_162' title='bbox 182 1898 254 1934; x_wconf 77' lang='lat' dir='ltr'><strong>lieu</strong></span> <span class='ocrx_word' id='word_1_163' title='bbox 277 1906 464 1947; x_wconf 87' lang='lat' dir='ltr'><strong>quantum</strong></span> <span class='ocrx_word' id='word_1_164' title='bbox 486 1900 584 1936; x_wconf 86' lang='lat' dir='ltr'><strong>inter</strong></span> <span class='ocrx_word' id='word_1_165' title='bbox 603 1912 643 1936; x_wconf 94' lang='lat' dir='ltr'><strong>se</strong></span> <span class='ocrx_word' id='word_1_166' title='bbox 665 1900 820 1945; x_wconf 88' lang='lat' dir='ltr'><strong>bellurn,</strong></span> <span class='ocrx_word' id='word_1_167' title='bbox 844 1899 872 1936; x_wconf 93' lang='lat' dir='ltr'><strong>si</strong></span> <span class='ocrx_word' id='word_1_168' title='bbox 896 1899 1040 1936; x_wconf 89' lang='lat' dir='ltr'><strong>lumina</strong></span> <span class='ocrx_word' id='word_1_169' title='bbox 1060 1899 1159 1935; x_wconf 84' lang='lat' dir='ltr'><strong>vitae</strong></span> 
     </span>
     <span class='ocr_line' id='line_1_27' title="bbox 181 1963 1165 2013; baseline 0 -13"><span class='ocrx_word' id='word_1_170' title='bbox 181 1964 384 2012; x_wconf 85' lang='lat' dir='ltr'><strong>attigerint,</strong></span> <span class='ocrx_word' id='word_1_171' title='bbox 407 1971 568 2012; x_wconf 87' lang='lat' dir='ltr'><strong>quantas</strong></span> <span class='ocrx_word' id='word_1_172' title='bbox 589 1965 692 2001; x_wconf 88' lang='lat' dir='ltr'><strong>acies</strong></span> <span class='ocrx_word' id='word_1_173' title='bbox 715 1972 958 2013; x_wconf 85' lang='lat' dir='ltr'><strong>stragemque</strong></span> <span class='ocrx_word' id='word_1_174' title='bbox 982 1963 1139 2001; x_wconf 87' lang='lat' dir='ltr'><strong>ciebunt</strong></span> <span class='ocrx_word' id='word_1_175' title='bbox 1158 1966 1165 2000; x_wconf 83' lang='lat'>!</span> 
     </span>
     <span class='ocr_line' id='line_1_28' title="bbox 182 2028 1196 2078; baseline 0 -14"><span class='ocrx_word' id='word_1_176' title='bbox 182 2029 394 2077; x_wconf 81' lang='lat' dir='ltr'><strong>Aggeribus</strong></span> <span class='ocrx_word' id='word_1_177' title='bbox 415 2041 527 2066; x_wconf 88' lang='lat' dir='ltr'><strong>socer</strong></span> <span class='ocrx_word' id='word_1_178' title='bbox 546 2029 692 2078; x_wconf 83' lang='lat' dir='ltr'><strong>Alpinis</strong></span> <span class='ocrx_word' id='word_1_179' title='bbox 714 2036 829 2077; x_wconf 88' lang='lat' dir='ltr'><strong>atque</strong></span> <span class='ocrx_word' id='word_1_180' title='bbox 851 2041 939 2065; x_wconf 86' lang='lat' dir='ltr'><strong>arce</strong></span> <span class='ocrx_word' id='word_1_181' title='bbox 966 2028 1152 2066; x_wconf 85' lang='lat' dir='ltr'><strong>Monoeci</strong></span> <span class='ocrx_word' id='word_1_182' title='bbox 1193 2047 1196 2053; x_wconf 89' lang='lat'>·</span> 
     </span>
     <span class='ocr_line' id='line_1_29' title="bbox 182 2093 1119 2142; baseline 0.001 -13"><span class='ocrx_word' id='word_1_183' title='bbox 182 2093 438 2139; x_wconf 84' lang='lat' dir='ltr'><strong>descendens,</strong></span> <span class='ocrx_word' id='word_1_184' title='bbox 460 2106 578 2142; x_wconf 89' lang='lat' dir='ltr'><strong>gener</strong></span> <span class='ocrx_word' id='word_1_185' title='bbox 597 2094 765 2131; x_wconf 89' lang='lat' dir='ltr'><strong>adversis</strong></span> <span class='ocrx_word' id='word_1_186' title='bbox 786 2095 991 2131; x_wconf 86' lang='lat' dir='ltr'><strong>instructus</strong></span> <span class='ocrx_word' id='word_1_187' title='bbox 1015 2094 1119 2131; x_wconf 75' lang='lat' dir='ltr'><strong>Eois.</strong></span> 
     </span>
     <span class='ocr_line' id='line_1_30' title="bbox 184 2148 1119 2206; baseline 0 -11"><span class='ocrx_word' id='word_1_188' title='bbox 184 2158 256 2203; x_wconf 92' lang='lat' dir='ltr'><strong>Ne,</strong></span> <span class='ocrx_word' id='word_1_189' title='bbox 277 2159 396 2206; x_wconf 87' lang='lat' dir='ltr'><strong>pueri,</strong></span> <span class='ocrx_word' id='word_1_190' title='bbox 419 2171 466 2195; x_wconf 91' lang='lat' dir='ltr'><strong>ne</strong></span> <span class='ocrx_word' id='word_1_191' title='bbox 488 2166 591 2196; x_wconf 83' lang='lat' dir='ltr'><strong>tanta</strong></span> <span class='ocrx_word' id='word_1_192' title='bbox 612 2159 749 2196; x_wconf 87' lang='lat' dir='ltr'><strong>animis</strong></span> <span class='ocrx_word' id='word_1_193' title='bbox 770 2148 986 2196; x_wconf 83' lang='lat' dir='ltr'><strong>adsuescite</strong></span> <span class='ocrx_word' id='word_1_194' title='bbox 1008 2159 1119 2204; x_wconf 91' lang='lat' dir='ltr'><strong>bella,</strong></span> 
     </span>
     <span class='ocr_line' id='line_1_31' title="bbox 182 2223 1113 2271; baseline 0.002 -12"><span class='ocrx_word' id='word_1_195' title='bbox 182 2235 256 2259; x_wconf 89' lang='lat' dir='ltr'><strong>neu</strong></span> <span class='ocrx_word' id='word_1_196' title='bbox 279 2224 422 2271; x_wconf 86' lang='lat' dir='ltr'><strong>patriae</strong></span> <span class='ocrx_word' id='word_1_197' title='bbox 443 2223 586 2261; x_wconf 85' lang='lat' dir='ltr'><strong>validas</strong></span> <span class='ocrx_word' id='word_1_198' title='bbox 607 2224 645 2260; x_wconf 90' lang='lat' dir='ltr'><strong>in</strong></span> <span class='ocrx_word' id='word_1_199' title='bbox 665 2224 812 2261; x_wconf 89' lang='lat' dir='ltr'><strong>viscera</strong></span> <span class='ocrx_word' id='word_1_200' title='bbox 831 2224 965 2260; x_wconf 90' lang='lat' dir='ltr'><strong>vertite</strong></span> <span class='ocrx_word' id='word_1_201' title='bbox 988 2224 1113 2270; x_wconf 79' lang='lat' dir='ltr'><strong>vires3</strong></span> 
     </span>
     <span class='ocr_line' id='line_1_32' title="bbox 183 2288 1209 2338; baseline 0.002 -14"><span class='ocrx_word' id='word_1_202' title='bbox 183 2294 299 2336; x_wconf 88' lang='lat' dir='ltr'><strong>tuque</strong></span> <span class='ocrx_word' id='word_1_203' title='bbox 320 2289 434 2336; x_wconf 89' lang='lat' dir='ltr'><strong>prior,</strong></span> <span class='ocrx_word' id='word_1_204' title='bbox 455 2296 494 2325; x_wconf 89' lang='lat' dir='ltr'><strong>tu</strong></span> <span class='ocrx_word' id='word_1_205' title='bbox 516 2301 644 2337; x_wconf 90' lang='lat' dir='ltr'><strong>parce,</strong></span> <span class='ocrx_word' id='word_1_206' title='bbox 665 2301 786 2337; x_wconf 87' lang='lat' dir='ltr'><strong>genus</strong></span> <span class='ocrx_word' id='word_1_207' title='bbox 807 2289 872 2337; x_wconf 85' lang='lat' dir='ltr'><strong>qui</strong></span> <span class='ocrx_word' id='word_1_208' title='bbox 894 2288 1004 2325; x_wconf 90' lang='lat' dir='ltr'><strong>ducis</strong></span> <span class='ocrx_word' id='word_1_209' title='bbox 1026 2289 1209 2338; x_wconf 88' lang='lat' dir='ltr'><strong>Olympo,</strong></span> 
     </span>
     <span class='ocr_line' id='line_1_33' title="bbox 183 2353 954 2401; baseline 0.001 -12"><span class='ocrx_word' id='word_1_210' title='bbox 183 2353 313 2400; x_wconf 90' lang='lat' dir='ltr'><strong>proice</strong></span> <span class='ocrx_word' id='word_1_211' title='bbox 334 2353 408 2390; x_wconf 88' lang='lat' dir='ltr'><strong>tela</strong></span> <span class='ocrx_word' id='word_1_212' title='bbox 428 2365 556 2399; x_wconf 85' lang='lat' dir='ltr'><strong>manu,</strong></span> <span class='ocrx_word' id='word_1_213' title='bbox 577 2354 730 2401; x_wconf 86' lang='lat' dir='ltr'><strong>sanguis</strong></span> <span class='ocrx_word' id='word_1_214' title='bbox 750 2365 859 2390; x_wconf 90' lang='lat' dir='ltr'><strong>meus</strong></span> <span class='ocrx_word' id='word_1_215' title='bbox 879 2355 954 2390; x_wconf 78' lang='lat'><strong>1-</strong></span> 
     </span>
    </p>

    <p class='ocr_par' dir='ltr' id='par_1_25' title="bbox 237 2417 1172 2466">
     <span class='ocr_line' id='line_1_34' title="bbox 237 2417 1172 2466; baseline 0.001 -12"><span class='ocrx_word' id='word_1_216' title='bbox 237 2417 329 2454; x_wconf 89' lang='lat' dir='ltr'><strong>‘Ille</strong></span> <span class='ocrx_word' id='word_1_217' title='bbox 350 2417 582 2466; x_wconf 87' lang='lat' dir='ltr'><strong>triumphata</strong></span> <span class='ocrx_word' id='word_1_218' title='bbox 603 2417 796 2466; x_wconf 89' lang='lat' dir='ltr'><strong>Capitolia</strong></span> <span class='ocrx_word' id='word_1_219' title='bbox 816 2417 865 2455; x_wconf 92' lang='lat' dir='ltr'><strong>ad</strong></span> <span class='ocrx_word' id='word_1_220' title='bbox 885 2418 961 2455; x_wconf 87' lang='lat' dir='ltr'><strong>alta</strong></span> <span class='ocrx_word' id='word_1_221' title='bbox 982 2418 1172 2456; x_wconf 87' lang='lat' dir='ltr'><strong>Corintho</strong></span> 
     </span>
    </p>
   </div>
   <div class='ocr_carea' id='block_1_7' title="bbox 373 2513 1305 2593">
    <p class='ocr_par' dir='ltr' id='par_1_26' title="bbox 373 2513 1305 2593">
     <span class='ocr_line' id='line_1_35' title="bbox 374 2513 1305 2552; baseline 0.003 -11"><span class='ocrx_word' id='word_1_222' title='bbox 374 2513 418 2533; x_wconf 68' lang='lat'><strong>⁸0⁶</strong></span> <span class='ocrx_word' id='word_1_223' title='bbox 433 2514 577 2542; x_wconf 77' lang='lat' dir='ltr'><strong>virtulem</strong></span> <span class='ocrx_word' id='word_1_224' title='bbox 600 2537 606 2543; x_wconf 92' lang='lat'><strong><em>.</em></strong></span> <span class='ocrx_word' id='word_1_225' title='bbox 629 2537 635 2543; x_wconf 92' lang='lat'><strong><em>.</em></strong></span> <span class='ocrx_word' id='word_1_226' title='bbox 657 2537 663 2543; x_wconf 92' lang='lat'>.</span> <span class='ocrx_word' id='word_1_227' title='bbox 677 2515 783 2552; x_wconf 58' lang='lat' dir='ltr'><strong>factm</strong></span> <span class='ocrx_word' id='word_1_228' title='bbox 807 2514 848 2543; x_wconf 91' lang='lat' dir='ltr'><strong>H.</strong></span> <span class='ocrx_word' id='word_1_229' title='bbox 1048 2514 1090 2535; x_wconf 83' lang='lat'><strong>810</strong></span> <span class='ocrx_word' id='word_1_230' title='bbox 1099 2516 1246 2551; x_wconf 79' lang='lat' dir='ltr'><strong>primam.</strong></span> <span class='ocrx_word' id='word_1_231' title='bbox 1270 2516 1305 2544; x_wconf 84' lang='lat' dir='ltr'><strong>R.</strong></span> 
     </span>
     <span class='ocr_line' id='line_1_36' title="bbox 373 2562 1304 2593; baseline 0.001 -2"><span class='ocrx_word' id='word_1_232' title='bbox 373 2562 476 2583; x_wconf 56' lang='grc' dir='ltr'><strong>’ΨΒ-825</strong></span> <span class='ocrx_word' id='word_1_233' title='bbox 490 2563 567 2591; x_wconf 83' lang='lat' dir='ltr'><strong>after</strong></span> <span class='ocrx_word' id='word_1_234' title='bbox 581 2562 632 2591; x_wconf 70' lang='lat'><strong>²335.</strong></span> <span class='ocrx_word' id='word_1_235' title='bbox 655 2563 691 2592; x_wconf 86' lang='lat' dir='ltr'><strong>R.</strong></span> <span class='ocrx_word' id='word_1_236' title='bbox 1047 2563 1089 2584; x_wconf 78' lang='lat'><strong>826</strong></span> <span class='ocrx_word' id='word_1_237' title='bbox 1103 2564 1178 2592; x_wconf 82' lang='lat' dir='ltr'><strong>after</strong></span> <span class='ocrx_word' id='word_1_238' title='bbox 1193 2564 1245 2592; x_wconf 75' lang='lat'><strong>8⁰7.</strong></span> <span class='ocrx_word' id='word_1_239' title='bbox 1269 2564 1304 2593; x_wconf 84' lang='lat' dir='ltr'><strong>R.</strong></span> 
     </span>
    </p>
   </div>
   <div class='ocr_carea' id='block_1_8' title="bbox 1503 223 1579 264">
    <p class='ocr_par' dir='ltr' id='par_1_27' title="bbox 1503 223 1579 264">
     <span class='ocr_line' id='line_1_37' title="bbox 1503 223 1579 264; baseline 0.013 -1"><span class='ocrx_word' id='word_1_240' title='bbox 1503 223 1579 264; x_wconf 82' lang='lat'><strong>179</strong></span> 
     </span>
    </p>
   </div>
   <div class='ocr_carea' id='block_1_9' title="bbox 1525 399 1578 435">
    <p class='ocr_par' dir='ltr' id='par_1_28' title="bbox 1525 399 1578 435">
     <span class='ocr_line' id='line_1_38' title="bbox 1525 399 1578 435; baseline 0.019 -10"><span class='ocrx_word' id='word_1_241' title='bbox 1525 399 1578 435; x_wconf 86' lang='lat'><strong>805</strong></span> 
     </span>
    </p>
   </div>
   <div class='ocr_carea' id='block_1_10' title="bbox 1527 727 1581 753">
    <p class='ocr_par' dir='ltr' id='par_1_29' title="bbox 1527 727 1581 753">
     <span class='ocr_line' id='line_1_39' title="bbox 1527 727 1581 753; baseline 0 0"><span class='ocrx_word' id='word_1_242' title='bbox 1527 727 1581 753; x_wconf 88' lang='lat'><strong>810</strong></span> 
     </span>
    </p>
   </div>
   <div class='ocr_carea' id='block_1_11' title="bbox 1526 1051 1580 1086">
    <p class='ocr_par' dir='ltr' id='par_1_30' title="bbox 1526 1051 1580 1086">
     <span class='ocr_line' id='line_1_40' title="bbox 1526 1051 1580 1086; baseline -0.019 -8"><span class='ocrx_word' id='word_1_243' title='bbox 1526 1051 1580 1086; x_wconf 82' lang='lat'><strong>815</strong></span> 
     </span>
    </p>
   </div>
   <div class='ocr_carea' id='block_1_12' title="bbox 1528 1378 1581 1405">
    <p class='ocr_par' dir='ltr' id='par_1_31' title="bbox 1528 1378 1581 1405">
     <span class='ocr_line' id='line_1_41' title="bbox 1528 1378 1581 1405; baseline 0.019 -1"><span class='ocrx_word' id='word_1_244' title='bbox 1528 1378 1581 1405; x_wconf 84' lang='lat'><strong>820</strong></span> 
     </span>
    </p>
   </div>
   <div class='ocr_carea' id='block_1_13' title="bbox 1527 1704 1580 1738">
    <p class='ocr_par' dir='ltr' id='par_1_32' title="bbox 1527 1704 1580 1738">
     <span class='ocr_line' id='line_1_42' title="bbox 1527 1704 1580 1738; baseline 0 -8"><span class='ocrx_word' id='word_1_245' title='bbox 1527 1704 1580 1738; x_wconf 72' lang='lat'><strong>823</strong></span> 
     </span>
    </p>
   </div>
   <div class='ocr_carea' id='block_1_14' title="bbox 1525 2028 1580 2064">
    <p class='ocr_par' dir='ltr' id='par_1_33' title="bbox 1525 2028 1580 2064">
     <span class='ocr_line' id='line_1_43' title="bbox 1525 2028 1580 2064; baseline 0 -9"><span class='ocrx_word' id='word_1_246' title='bbox 1525 2028 1580 2064; x_wconf 88' lang='lat'><strong>830</strong></span> 
     </span>
    </p>
   </div>
  </div>
 </body>
</html>
