1690 2734
171 172 224 223 98
493 184 554 212 111.
588 172 676 212 Tlae
710 173 979 229 l‘chnderillg
1007 178 1060 229 of
1072 178 1254 219 AEneaS.
1412 186 1570 227 [AENEm.

173 295 286 331 Haec
308 301 407 341 sunt,
429 307 528 344 quae
550 303 680 333 nostra
700 297 814 335 liceat
833 305 870 335 te
891 311 988 336 voce
1009 301 1169 339 moneri.

171 359 280 396 Vade
302 372 386 408 age,
409 367 446 397 et
466 361 664 409 ingentem
684 361 792 399 factis
813 363 868 399 fer
887 363 937 400 ad
958 365 1113 402 aethera
1132 367 1314 404 Troiam)

225 424 334 472 Quae
355 432 563 473 postquam
584 432 690 463 vates
712 427 767 463 sic
788 440 854 464 ore
877 429 1010 466 effatus
1032 431 1159 467 amico
1180 439 1248 478 est,

170 488 276 526 dona
296 488 438 526 dehinc
461 502 554 527 auro
575 491 703 539 gravia
723 499 910 541 sectoque
932 494 1139 543 elephanto

170 554 331 602 imperat
351 553 400 590 ad
421 554 526 592 navis
547 555 644 601 ferri,
667 557 860 606 stipatque
881 559 1017 597 carinis
1516 566 1570 600 465

170 619 303 667 ingens
327 626 539 667 argentum,
563 621 882 672 Dodonaeosque
902 625 1086 672 lebetas,-

170 684 326 720 loricam
350 692 569 723 consertam
591 687 713 724 hamis
735 701 905 737 auroque
927 691 1099 738 trilicem,

170 757 206 786 et
228 763 371 787 conum
396 751 551 799 insignis
571 753 703 800 galeae
724 754 932 802 cristasque
954 756 1156 803 comantis,

169 828 273 852 arma
295 816 569 864 Neoptolemi,
601 824 688 854 sunt
708 825 745 854 et
765 831 833 858 sua
854 819 957 856 (lona
977 821 1138 868 parenti.

170 880 290 917 Addit
311 894 443 930 equos,
466 881 652 930 additque
674 883 792 920 duces
810 897 820 930 3
1515 898 1571 924 470

169 947 369 996 remigium
390 947 568 996 supplet3
599 948 726 985 socios
747 949 859 986 simul
879 950 1026 988 instruit
1048 952 1174 989 armis.

225 1013 378 1049 Interea
398 1012 559 1049 classem
580 1012 671 1050 velis
693 1021 822 1062 aptare
844 1015 1000 1053 iubebat

169 1077 368 1122 Anchises,
390 1077 496 1114 fieret
516 1084 632 1114 vento
653 1091 760 1115 mora
780 1091 828 1115 ne
850 1092 925 1128 qua
945 1081 1093 1119 ferenti.

171 1143 298 1191 Quem
322 1142 468 1179 Phoebi
489 1143 674 1192 interpres
695 1145 815 1181 multo
839 1147 1045 1194 compellat
1066 1147 1239 1186 honore:

171 1210 179 1226 ⁴
194 1208 398 1257 Coniugio,
422 1208 602 1253 Anchise,
624 1209 786 1246 Veneris
808 1209 963 1258 dignate
986 1212 1166 1260 superbo,
1514 1222 1568 1250 475

169 1286 259 1310 cura
280 1273 408 1319 deum,
430 1274 487 1310 bis
509 1274 726 1322 Pergameis
748 1282 878 1323 erepte
899 1276 1027 1323 ruinis,

169 1352 262 1376 ecce
284 1339 352 1376 tibi
372 1339 566 1375 Ausoniae
588 1340 724 1386 tellus3
757 1340 858 1377 hanc
878 1341 1000 1390 arripe
1021 1343 1126 1380 velis.

170 1406 219 1442 Et
240 1412 369 1441 tamen
390 1404 489 1441 hanc
510 1405 647 1453 pelago
668 1406 948 1454 praeterlabare
969 1420 1129 1444 necesse
1149 1415 1207 1446 est
1222 1423 1232 1456 3

169 1470 361 1507 Ausoniae
382 1482 468 1518 pars
489 1470 550 1506 illa
570 1471 716 1518 procul,
739 1483 857 1519 quam
876 1472 1012 1520 pandit
1033 1473 1184 1521 Apollo.

167 1535 277 1571 Vade
296 1536 303 1550 ’
326 1535 376 1571 ait
398 1538 406 1553 ‘
422 1535 457 1572 O
478 1535 567 1571 felix
586 1535 665 1572 nati
687 1536 841 1584 pietate.
900 1537 1006 1584 Quid
1027 1538 1124 1574 ultra
1511 1541 1568 1575 480

167 1601 369 1650 provehor,
392 1607 429 1637 et
450 1599 567 1636 fando
589 1601 776 1648 surgentis
798 1601 980 1638 demoror
999 1604 1195 1640 austros?’

222 1667 306 1703 Nec
328 1666 451 1702 minus
473 1665 747 1702 Andromache
769 1666 941 1715 digressu
963 1674 1109 1704 maesta
1129 1681 1310 1717 supremo

167 1733 237 1769 fert
258 1732 464 1780 picturatas
486 1731 565 1767 auri
585 1731 800 1767 subtemine
821 1738 946 1768 vestes

168 1805 204 1835 et
227 1798 429 1846 Phrygiam
451 1796 619 1833 Ascanio
640 1796 887 1844 chlamydem
915 1798 1009 1845 (nec
1031 1797 1136 1834 cedit
1157 1798 1343 1847 honore),

167 1863 437 1910 textilibusque
460 1868 595 1898 onerat
615 1860 740 1906 donis,
763 1874 809 1897 ac
830 1861 919 1897 talia
939 1862 1059 1898 fatur:
1512 1865 1565 1900 485

168 1932 176 1947 ‘
194 1929 337 1977 Accipe
360 1935 396 1965 et
418 1928 526 1971 haec,
552 1940 736 1963 manuum
758 1927 825 1963 tibi
847 1939 945 1975 quae
968 1935 1221 1965 monumenta
1241 1942 1411 1966 mearum

167 1994 251 2037 sint,
274 2006 379 2042 puer,
403 2000 440 2030 et
461 1993 619 2041 longum
640 1992 938 2029 Andromachae
961 1999 1147 2029 testentur
1167 2006 1351 2038 amorem,

167 2059 340 2107 coniugis
365 2059 599 2095 Hectoreae.
659 2058 766 2106 Cape
789 2057 893 2094 dona
915 2065 1086 2094 extrema
1106 2065 1270 2104 tuorum,

167 2125 202 2162 O
225 2124 316 2160 mihi
338 2124 418 2160 sola
438 2123 514 2160 mei
535 2135 650 2171 super
669 2124 910 2172 Astyanactis
932 2124 1059 2172 imago
1078 2138 1084 2160 :

167 2190 219 2226 sic
242 2189 387 2232 oculos,
409 2189 462 2225 sic
485 2189 545 2225 ille
568 2201 714 2233 manus,
737 2189 791 2225 sic
812 2201 878 2225 ora
899 2189 1042 2225 ferebat
1060 2202 1068 2234 ,-
1511 2197 1577 2223 490⁴

168 2261 204 2290 et
225 2266 328 2290 nunc
349 2254 498 2302 aequali
519 2260 648 2290 tecum
670 2254 898 2301 pubesceret
920 2255 1043 2290 aevo.⁷

222 2320 307 2355 Hos
329 2331 401 2366 ego
423 2318 641 2366 digrediens
663 2319 826 2355 lacrimis
846 2318 1004 2355 adfabar
1024 2319 1167 2359 obortis
1186 2334 1191 2355 :

169 2383 314 2419 ‘Vivite
336 2383 478 2427 felices,
501 2383 639 2430 quibus
661 2389 717 2419 est
738 2383 890 2419 fortuna
911 2390 1066 2431 peracta

168 2449 242 2485 iam
263 2460 355 2494 sua,
386 2459 456 2484 nos
477 2447 549 2483 alia
569 2459 616 2483 ex
636 2447 715 2483 aliis
738 2448 774 2483 in
797 2448 872 2483 fata
891 2460 1086 2484 vocamur.

727 2531 770 2552 475
786 2533 933 2561 Anchisa.
958 2532 998 2560 H.
