1690 2734
80 205 104 236 1.
125 204 215 246 727.]
400 194 544 248 Cupz'd
570 193 820 247 Dz'sgzcz‘sed
845 207 894 232 as
926 192 1155 233 Ascanius.

79 321 233 358 floribus
255 326 292 357 et
312 319 416 356 dulci
437 317 635 366 adspirans
657 316 927 365 complectitur
946 315 1092 353 umbra.

132 387 292 434 Iamque
315 385 393 422 ibat
413 383 518 420 dicto
539 394 676 431 parens
699 387 736 418 et
756 381 861 418 dona
882 380 1038 429 Cupido

75 452 180 500 regia
199 450 375 499 portabat
397 448 531 497 Tyriis,
555 446 655 484 duce
677 446 797 483 laetus
819 446 978 482 Achate.

77 517 177 554 Cum
199 516 313 561 venit,
337 513 478 551 aulaeis
501 513 576 549 iam
597 524 637 549 se
658 511 790 560 regina
810 511 983 560 superbis

76 593 190 618 aurea
210 580 429 629 composuit
452 576 604 626 sponda
625 576 872 624 mediamque
894 577 1045 613 locavit.

78 647 158 683 Iam
181 652 289 694 pater
310 647 459 682 Aeneas
476 650 523 696 qet
545 643 619 679 iarn
640 642 808 679 Troiana
828 642 1002 679 iuventus

75 712 320 756 conveniunt,
343 717 538 759 stratoque
563 721 677 758 super
697 708 952 745 discumbitur
972 715 1087 745 ostro.

76 778 180 813 Dant
202 777 330 813 famuli
348 777 528 826 ‚manibus
548 774 733 823 lymphas,
752 775 1011 822 Cereremque
1034 774 1207 811 canistris

75 840 298 889 expediunt,
321 842 517 889 tonsisque
545 842 672 877 serunt
692 840 872 876 mantelia
892 840 997 876 villis.

76 908 364 956 Quinquaginta
384 908 484 944 intus
503 907 680 953 famulae,
703 907 841 955 quibus
863 905 997 942 ordine
1020 906 1176 954 longam

75 985 166 1009 cura
186 985 328 1021 penum
350 979 505 1018 struere,
531 979 568 1009 et
590 972 753 1009 flammis
775 971 929 1008 adolere
952 971 1104 1008 Penatis
1121 984 1131 1017 5

76 1045 233 1074 centum
253 1038 347 1074 aliae
368 1037 613 1085 totidemque
637 1050 748 1086 pares
769 1043 893 1074 aetate
915 1036 1086 1081 ministri,

75 1103 139 1150 qui
160 1103 322 1151 dapibus
346 1115 495 1139 mensas
518 1109 679 1139 onerent
703 1110 739 1139 et
761 1103 900 1150 pocula
920 1108 1079 1150 ponant.

78 1168 162 1204 Nec
183 1180 261 1204 non
283 1174 320 1204 et
339 1168 441 1216 Tyrii
463 1180 530 1216 per
553 1168 684 1204 limina
705 1168 803 1204 laeta
824 1168 1044 1215 frequentes

76 1245 305 1278 convenere,
327 1233 417 1269 toris
440 1233 529 1269 iussi
554 1232 799 1270 discumbere
820 1233 944 1281 pictis.

78 1298 266 1334 Mirantur
285 1297 390 1334 dona
412 1299 578 1343 Aeneae,
603 1298 786 1334 mirantur
808 1298 935 1334 Iulum

76 1363 342 1410 flagrantisque
364 1361 428 1398 dei
448 1363 571 1398 voltus
594 1363 846 1410 simulataque
867 1363 994 1408 verba,

81 1426 317 1477 [pallamque
340 1434 376 1463 et
397 1427 544 1475 pictum
567 1440 707 1463 croceo
730 1428 905 1464 velamen
927 1426 1130 1478 acantho]

78 1493 287 1540 Praecipue
310 1492 450 1537 infelix,
473 1493 572 1540 pesti
596 1492 737 1529 devota
757 1493 916 1537 futurae,

77 1557 217 1605 expleri
240 1563 410 1594 mentem
432 1558 564 1605 nequit
587 1557 830 1605 ardescitque
851 1557 998 1594 tuendo

78 1622 297 1667 Phoenissa,
319 1628 357 1658 et
378 1622 516 1670 pariter
539 1634 658 1670 puero
681 1621 871 1670 donisque
894 1629 1079 1659 movetur.

78 1687 144 1724 Ille
165 1687 230 1724 ubi
251 1687 457 1736 complexu
479 1689 635 1724 Aeneae
658 1688 836 1735 colloque
858 1687 1046 1736 pependit

77 1759 113 1788 et
134 1764 316 1800 magnum
338 1752 417 1788 falsi
440 1752 609 1800 implevit
631 1753 813 1800 genitoris
834 1765 1018 1799 amorem,

75 1817 246 1865 reginam
269 1817 386 1864 petit:
418 1817 515 1853 haec
538 1817 672 1862 oculis,
694 1817 789 1853 haec
812 1825 969 1865 pectore
990 1824 1073 1855 toto

78 1881 208 1918 haeret
228 1888 265 1918 et
288 1881 478 1918 interdum
501 1882 648 1930 gremio
670 1882 785 1927 fovet,
808 1883 928 1919 inscia
950 1882 1067 1928 Dido,

76 1946 215 1983 insidat
231 1953 395 1995 quantus
418 1947 578 1983 miserae
603 1946 699 1983 deus
716 1961 725 1993 3
756 1953 794 1983 at
814 1960 965 1984 memor
985 1948 1045 1984 ille

77 2012 205 2048 matris
226 2011 421 2048 Acidaliae
444 2012 628 2060 paulatim
652 2012 805 2049 abolere
827 2013 1043 2060 Sychaeum

76 2076 221 2124 incipit,
244 2082 282 2113 et
300 2076 387 2113 vivo
409 2083 573 2125 temptat
594 2084 832 2125 praevertere
853 2089 984 2114 amore

76 2141 151 2177 iam
173 2141 322 2189 pridem
343 2141 488 2178 resides
512 2142 660 2179 animos
683 2142 919 2190 desuetaque
943 2142 1073 2180 corda.

132 2207 339 2255 Postquam
362 2207 485 2255 prima
505 2207 613 2256 quies
635 2207 767 2256 epulis,
790 2220 1024 2255 mensaeque
1046 2215 1229 2253 remotae,

77 2277 240 2308 crateras
262 2284 422 2320 magnos
445 2278 615 2309 statuunt
636 2278 674 2308 et
692 2273 781 2309 vina
800 2279 999 2310 coronant.

78 2336 137 2372 Fit
154 2336 332 2385 strepitus
354 2332 477 2383 tectis,
499 2349 715 2385 vocemque
737 2349 806 2386 per
825 2338 954 2386 ampla
972 2337 1145 2374 volutant

78 2401 170 2437 atria
185 2415 194 2447 ;
225 2400 451 2450 dependent
473 2401 600 2450 lychni
623 2402 863 2449 laquearibus
884 2403 1006 2439 aureis

77 2465 236 2511 incensi,
259 2472 296 2502 et
317 2472 473 2503 noctem
495 2465 655 2502 flammis
677 2466 819 2503 funalia
838 2467 1008 2503 vincunt.

345 2550 390 2571 ⁷1⁹
406 2551 547 2580 insideat.
589 2551 669 2580 Edd.
686 2552 772 2580 mult.
1042 2552 1087 2572 725
1105 2554 1136 2581 it.
1160 2553 1195 2581 R.

1427 203 1479 245 57

1426 717 1484 744 700

1425 1043 1481 1071 705

1425 1370 1483 1397 710

1425 1694 1480 1723 715

1423 2020 1480 2047 720

1424 2343 1479 2371 725
