1810 2739
187 59 227 90 V.
246 59 337 102 525]
674 52 802 92 Trz'al
829 54 882 106 of
905 53 1108 106 Archery.

188 177 447 225 consequitur,
468 177 578 214 viridi
600 176 829 214 Mnestheus
851 176 1024 213 evinctus
1045 176 1155 213 oliva.

187 242 338 278 Tertius
361 242 560 291 Eurytion,
582 251 679 286 ωας,
702 253 725 278 o
748 241 967 287 clarissime,
989 241 1113 286 frater,

189 306 374 352 Pandare,
397 307 461 355 qui
482 306 694 354 quondam,
716 306 839 343 iussus
861 306 1101 343 confundere
1123 306 1274 353 foedus,

188 372 225 408 in
247 371 397 408 medios
417 371 535 407 telum
556 371 695 407 torsisti
717 371 862 419 primus
885 370 1065 407 Achivos.

189 439 393 474 Extremus
414 437 598 486 galeaque
620 437 697 473 ima
716 435 889 473 subsedit
910 437 1082 481 Acestes,

186 515 300 539 ausus
322 510 360 539 et
380 503 461 550 ipse
483 514 599 538 manu
621 501 802 538 iuvenum
824 507 1013 549 temptare
1034 501 1219 538 laborem.

240 569 342 604 Tum
362 567 497 604 validis
518 568 636 604 flexos
657 567 857 603 incurvant
877 566 1018 603 viribus
1038 578 1147 603 arcus

187 645 256 681 pro
278 645 317 669 se
338 633 500 681 quisque
522 633 599 678 viri,
622 639 660 669 et
680 631 916 680 depromunt
936 631 1012 668 tela
1029 631 1230 689 pharetris.

190 698 389 746 Primaque
411 710 479 746 per
499 698 662 743 caelum,
684 710 802 734 nervo
825 697 1025 742 stridente,
1048 698 1185 745 sagitta

188 762 426 811 Hyrtacidae
448 763 593 799 iuvenis
615 763 787 799 volucres
809 762 1027 799 diverberat
1046 774 1156 798 auras
1173 776 1182 807 5

187 834 224 864 et
244 827 359 873 venit,
381 827 607 875 adversique
630 827 795 875 infigitur
815 827 948 864 arbore
971 826 1072 864 mali.

190 893 390 929 Intremuit
411 892 543 937 malus,
565 892 768 940 timuitque
794 892 971 928 exterrita
991 892 1129 940 pennis

185 953 275 998 ales,
297 960 335 990 et
358 953 504 1001 ingenti
525 959 737 989 sonuerunt
757 953 887 989 onmia
907 953 1054 1000 plausu.

187 1019 278 1055 Post
300 1030 389 1055 acer
410 1018 637 1054 Mnestheus
659 1017 832 1054 adducto
854 1018 1025 1054 constitit
1045 1030 1147 1063 arcu,

185 1083 260 1120 alta
280 1076 426 1132 petens,
449 1083 668 1131 pariterque
689 1082 824 1119 oculos
845 1083 1043 1131 telumque
1064 1081 1241 1120 tetendit.

185 1150 254 1185 Ast
275 1149 397 1197 ipsam
419 1147 657 1184 miserandus
678 1160 788 1184 avem
810 1148 1035 1196 contingere
1056 1147 1154 1184 ferro

185 1225 263 1250 non
283 1213 399 1259 valuit
417 1227 423 1249 :
455 1212 580 1249 nodos
602 1218 640 1248 et
660 1213 812 1248 vincula
832 1213 932 1249 linea
952 1212 1064 1260 rupit,

184 1279 269 1326 quis
290 1278 431 1314 innexa
451 1277 592 1326 pedem
614 1277 715 1314 malo
737 1277 935 1326 pendebat
955 1277 1005 1314 ab
1025 1278 1102 1314 alto
1119 1292 1126 1314 :

183 1343 245 1379 illa
265 1349 377 1380 notos
398 1349 513 1391 atque
534 1343 610 1379 alta
629 1343 761 1380 volans
781 1342 820 1379 in
841 1342 971 1379 nubila
991 1343 1096 1391 fugit.

183 1409 285 1444 Tum
305 1407 473 1456 rapidus,
494 1407 724 1444 iamdudum
745 1420 834 1444 arcu
857 1414 1041 1444 contenta
1062 1414 1195 1456 parato

183 1473 259 1509 tela
278 1479 425 1518 tenens,
448 1473 600 1509 fratrem
622 1473 808 1521 Eurytion
829 1473 867 1509 in
887 1479 977 1510 vota
996 1473 1158 1520 vocavit,

183 1538 259 1575 iam
279 1550 403 1575 vacuo
424 1538 563 1574 laetam
585 1538 694 1574 caelo
715 1538 946 1586 speculatus,
968 1544 1007 1575 et
1026 1538 1093 1575 alis

184 1603 436 1652 plaudentem
456 1603 563 1651 nigra
582 1603 662 1651 figit
683 1603 753 1640 sub
774 1603 877 1640 nube
897 1603 1132 1640 columbam.

185 1667 343 1705 Decidit
363 1668 560 1713 exanimis,
582 1668 775 1716 vitamque
796 1668 947 1717 reliquit
967 1668 1004 1704 in
1026 1669 1133 1705 astris

184 1733 372 1779 aetheriis,
393 1733 586 1781 fixamque
607 1734 719 1770 refert
740 1732 898 1781 delapsa
917 1734 1105 1781 sagittam.

238 1799 387 1835 Amissa
407 1798 509 1835 solus
529 1798 659 1846 palma
678 1799 883 1846 superabat
900 1800 1059 1835 Acestes
1076 1813 1086 1845 3

184 1864 249 1912 qui
269 1870 399 1900 tamen
420 1863 539 1900 a'erias
560 1863 679 1900 telum
700 1863 903 1900 contendit
923 1864 962 1900 in
983 1876 1105 1909 auras,

184 1935 381 1965 ostentans
401 1934 600 1976 artemque
622 1935 731 1976 pater
750 1941 960 1977 arcumque
983 1936 1200 1966 sonantem.

187 1994 265 2030 Hic
287 1993 406 2030 oculis
428 1994 554 2030 subito
575 1993 740 2030 obicitur
759 2005 979 2042 magnoque
1000 1994 1168 2031 futurum

184 2058 342 2106 augurio
364 2065 578 2095 monstrum
594 2072 603 2104 3
635 2058 769 2095 docuit
790 2066 878 2110 post
899 2059 1021 2095 exitus
1043 2059 1192 2107 ingens,

185 2135 345 2171 seraque
366 2123 519 2159 terrifici
541 2124 767 2160 cecinerunt
788 2124 919 2160 omina
938 2130 1056 2160 vates.

186 2188 368 2236 Namque
389 2188 520 2224 volans
541 2188 694 2236 liquidis
716 2189 753 2225 in
774 2188 940 2225 nubibus
962 2189 1051 2226 arsit
1071 2189 1234 2235 arundo,

409 2305 449 2326 4⁹8
464 2306 602 2335 sabs1dit.
625 2306 666 2335 H.
1091 2306 1134 2327 ⁵2⁰
1151 2308 1304 2336 contorsit.
1328 2308 1363 2336 R.

408 2354 451 2375 505
467 2356 572 2383 timuzt
585 2378 592 2384 .
607 2377 614 2384 .
630 2356 768 2392 ,phuam
784 2356 937 2385 brackets.
962 2357 997 2385 R.
1090 2356 1134 2376 522
1148 2357 1290 2385 subitum.
1315 2358 1349 2386 R.

663 2403 706 2424 525
722 2405 864 2432 harundo
884 2406 960 2438 (and
975 2406 1117 2442 always).
1141 2406 1175 2434 R.

1519 65 1582 105 14.

1542 249 1588 277 49.

1543 574 1599 603 500

1541 900 1596 929 505

1538 1220 1595 1250 510

1536 1546 1592 1576 515

1532 1873 1589 1901 520

1532 2197 1586 2226 525
1627 2213 1633 2218 ·
