1690 2734
135 170 212 208 118
460 181 516 210 1V.
552 170 797 223 Departure
815 172 941 223 from
971 169 1195 224 Carthage.

128 290 228 326 iussa
247 297 379 328 tamen
399 290 530 329 divom
552 294 784 341 exsequitur,
807 293 1048 342 classemque
1069 295 1218 332 revisit.-

127 355 229 392 Tum
249 368 342 393 vero
363 357 502 393 Teucri
524 358 765 403 incumbunt,
788 365 826 394 et
846 359 954 394 litore
976 359 1096 395 celsas

127 419 328 457 deducunt
348 428 430 458 toto
452 434 568 458 naves
586 437 592 458 :
625 430 729 459 natat
750 430 867 459 uncta
887 423 1041 469 carina,

125 485 417 533 frondentisque
438 487 564 523 ferunt
583 499 710 524 remos
731 494 769 524 et
789 488 927 525 robora
946 488 1046 524 silvis

125 550 359 596 infabricata,
382 552 493 600 fugae
514 552 654 589 studio.

127 616 327 663 Migrantis
349 627 495 662 cernas,
517 623 675 665 totaque
698 629 744 653 ex
764 617 857 654 urbe
878 617 1033 655 ruentis·

125 681 182 716 Ac
202 680 304 717 velut
325 681 522 729 ingentem
543 682 727 719 formicae
748 683 851 719 farris
873 695 1054 719 acervum

124 757 212 781 cum
234 746 434 793 populant,
457 746 594 783 hiemis
618 760 822 792 memores,
844 754 1027 796 tectoque
1049 756 1267 797 reponunt,

124 809 150 844 it
170 809 320 857 nigrum
341 811 488 859 campis
510 824 662 859 agmen,
684 812 946 861 praedamque
968 825 1036 861 per
1057 813 1194 850 herbas

124 881 356 912 convectant
377 876 470 914 calle
491 885 654 924 angusto
669 891 679 923 ,-
711 889 797 925 pars
817 877 977 925 grandia
997 878 1155 915 trudunt

123 938 292 976 obnixae
330 939 519 977 frumenta
552 943 717 990 umeris;
745 954 830 990 pars
853 943 1006 991 agmina
1027 951 1169 992 cogunt

122 1004 387 1052 castigantque
409 1017 560 1052 moras,-
592 1018 709 1054 opere
731 1008 856 1044 omnis
878 1008 1014 1044 semita
1034 1009 1163 1046 servet.

177 1068 273 1116 Quis
294 1070 361 1106 tibi
382 1076 476 1114 tum,
500 1070 617 1115 Dido,
641 1073 815 1108 cernenti
837 1073 924 1109 talia
945 1074 1107 1110 sensus?

121 1145 267 1181 quosve
290 1134 409 1172 dabas
430 1136 607 1183 gemitus,
630 1149 718 1173 cum
741 1137 851 1174 litora
871 1138 1014 1174 fervere
1037 1139 1109 1175 late

120 1199 361 1247 prospiceres
382 1212 469 1237 arce
492 1212 539 1236 ex
559 1214 721 1247 summa,
743 1209 946 1251 totumque
967 1203 1115 1240 videres

120 1264 273 1300 misceri
294 1272 382 1301 ante
403 1265 537 1302 oculos
560 1267 674 1303 tantis
697 1267 930 1304 clamoribus
952 1270 1124 1317 aequor?

121 1329 303 1377 Improbe
326 1331 456 1376 Amor,
478 1330 572 1378 quid
595 1343 672 1367 non
695 1332 870 1368 mortalia
890 1341 1049 1381 pectora
1069 1335 1204 1382 cogis?

120 1394 180 1430 Ire
203 1394 339 1431 iterum
361 1395 398 1431 in
419 1382 606 1441 lacrimas,
630 1396 768 1433 iterum
789 1404 978 1445 temptare
1000 1399 1197 1446 precando

119 1459 279 1506 cogitur,
302 1466 339 1495 et
360 1460 524 1508 supplex
544 1461 693 1498 animos
715 1462 938 1499 submittere
960 1464 1093 1509 amori,

117 1535 166 1560 ne
188 1523 281 1572 quid
303 1525 545 1573 inexpertum
567 1525 703 1562 frustra
724 1527 906 1564 moritura
926 1528 1126 1576 relinquat.

173 1592 181 1608 ‘
197 1591 320 1635 Anna,
343 1590 450 1628 vides
471 1598 554 1628 toto
575 1593 770 1641 properari
792 1592 925 1639 litore,
958 1594 1103 1630 circum

116 1655 288 1704 undique
310 1669 528 1694 convenere
546 1671 554 1703 3
585 1665 698 1694 vocat
719 1659 795 1695 iam
818 1659 996 1696 carbasus
1019 1672 1139 1706 auras,

116 1722 310 1769 puppibus
332 1729 369 1759 et
390 1723 477 1759 laeti
498 1730 637 1760 nautae
660 1724 879 1772 imposuere
901 1738 1077 1763 coronas.

118 1787 237 1823 Hunc
260 1800 333 1836 ego
354 1788 383 1824 si
404 1788 512 1836 potui
534 1796 683 1827 tantum
704 1803 856 1839 sperare
878 1791 1066 1839 dolorem,

115 1858 152 1888 et
174 1852 351 1900 perferre,
374 1865 491 1899 soror,
514 1861 662 1902 potero.
722 1856 888 1893 Miserae
911 1858 986 1894 hoc
1009 1866 1139 1897 tamen
1161 1873 1279 1898 unum

114 1929 335 1965 exsequere,
360 1919 481 1962 Anna,
505 1919 609 1956 mihi.
667 1920 795 1958 Solam
816 1934 906 1959 nam
927 1924 1096 1971 perfidus
1120 1926 1180 1962 ille

113 1988 150 2018 te
173 1982 312 2027 colere,
335 1995 495 2020 arcanos
517 1984 632 2020 etiam
653 1985 721 2021 tibi
743 1986 901 2024 credere
923 2000 1056 2026 sensus
1073 2004 1082 2036 ;

113 2047 194 2083 sola
213 2046 280 2083 viri
302 2047 426 2084 mollis
447 2047 572 2085 aditus
594 2056 630 2085 et
652 2057 827 2098 tempora
847 2064 971 2090 noras.

114 2112 144 2155 I,
167 2123 284 2157 soror,
307 2119 421 2159 atque
444 2112 594 2150 hostem
616 2115 778 2162 supplex
798 2115 927 2153 adfare
948 2119 1156 2166 superbum
1174 2135 1181 2157 :

112 2188 191 2212 non
212 2188 284 2224 ego
306 2188 393 2212 cum
417 2178 561 2214 Danais
581 2179 788 2216 Troianam
811 2182 1037 2220 exscindere
1057 2192 1213 2233 gentem

112 2240 249 2277 Aulide
270 2241 399 2285 iuravi,
422 2242 635 2280 classemve
657 2244 707 2281 ad
730 2245 915 2293 Pergama
936 2248 1032 2294 misi,

111 2317 184 2341 nec
206 2305 321 2353 patris
343 2306 534 2343 Anchisae
556 2308 704 2346 cineres
728 2310 904 2348 Manisve
925 2314 1064 2359 revelli,

111 2381 179 2405 cur
199 2381 285 2406 mea
306 2369 410 2406 dicta
430 2378 545 2419 neget
567 2372 680 2409 duras
702 2373 904 2412 demittere
926 2377 964 2413 in
985 2379 1095 2415 auris.

111 2433 201 2482 Quo
222 2434 322 2471 ruit?
379 2436 605 2473 Extremum
627 2437 702 2474 hoc
725 2439 887 2476 miserae
909 2441 975 2478 det
996 2456 1133 2480 munus
1155 2446 1323 2482 amanti:

454 2521 495 2542 410
510 2531 550 2551 ec.
854 2525 896 2546 5⁴8
913 2528 975 2555 and
990 2527 1031 2548 5⁴9
1045 2528 1122 2557 after
1135 2528 1187 2557 4¹8.

1367 179 1525 220 [AENEID.

1472 565 1528 591 400

1471 888 1527 917 405

1469 1213 1525 1241 4¹0

1466 1539 1521 1568 415

1462 1870 1519 1898 420

1459 2194 1515 2223 425
