1690 2734
168 191 227 222 VI.
246 191 335 232 289]
461 185 682 226 Enlrcmcc
713 193 753 225 2⁴0
785 186 856 225 tlte
887 187 1070 226 Realms
1101 187 1260 227 Belaw.

170 308 274 344 Ecce
297 315 438 353 autem,
459 308 571 357 primi
593 309 663 345 sub
684 309 829 345 lumina
849 310 937 346 solis
961 316 999 346 et
1021 316 1136 355 ortus,

168 373 238 409 sub
251 373 423 421 'pedibus
445 374 589 421 mugire
611 374 748 418 solum,
771 381 808 410 et
830 375 916 422 iuga
936 381 1078 422 coepta
1098 375 1241 411 moveri

167 437 356 483 silvarum,
377 438 557 486 visaeque
579 451 694 475 canes
715 439 858 475 ululare
879 451 948 487 per
967 440 1154 485 umbram,

166 502 400 539 adventante
422 502 507 539 dea.
568 505 576 521 ‘
592 504 729 540 Procul
751 504 786 540 O
807 504 942 552 procul
964 511 1056 549 este,
1078 505 1253 551 profani,'

166 567 384 603 conclamat
403 574 520 614 vates,
544 570 727 616 ‘totoque
748 569 917 605 absistite
939 569 1026 605 luco
1042 583 1051 615 3

166 638 283 680 tuque
304 631 442 668 invade
462 632 575 678 viam,
597 633 811 681 vaginaque
833 634 937 682 eripe
959 635 1099 670 ferrum
1117 649 1123 671 :

166 709 268 733 nunc
288 696 425 733 animis
446 709 556 745 opus,
576 698 721 744 Aenea,
743 710 846 734 nunc
868 705 1027 746 pectore
1048 699 1185 735 firmo.’

164 763 334 798 Tantum
356 761 478 808 effata,
500 762 628 799 furens
648 769 757 799 antro
779 776 820 800 se
841 763 998 800 immisit
1018 772 1150 812 aperto
1166 779 1175 810 3

165 827 224 863 ille
246 825 389 863 ducem
411 825 515 863 haud
535 827 678 863 timidis
698 827 906 864 vadentem
926 829 1101 877 passibus
1123 836 1273 877 aequat.

220 892 282 937 Di,
304 892 441 939 quibus
462 891 667 940 imperium
687 898 745 928 est
764 893 988 938 animarum,
1011 894 1248 941 umbraeque
1270 895 1435 937 silentes,

164 960 201 989 et
223 952 364 998 Chaos,
386 959 424 989 et
446 952 698 1001 Phlegethon,
720 953 806 990 loca
825 961 941 990 nocte
962 954 1132 990 tacentia
1151 955 1238 999 late,

163 1018 209 1054 sit
229 1018 323 1054 mihi
343 1018 397 1054 fas
419 1017 550 1054 audita
569 1018 674 1066 loqui
691 1032 700 1064 3
731 1019 777 1055 sit
798 1019 955 1055 numine
976 1026 1101 1055 vestro

163 1082 335 1131 pandere
355 1095 414 1120 res
435 1083 510 1120 alta
530 1090 630 1120 terra
649 1090 686 1120 et
707 1084 868 1132 caligine
890 1097 1031 1120 mersas
1051 1086 1057 1121 ἔ

219 1149 332 1185 Ibant
353 1149 505 1185 obscuri
525 1149 606 1185 sola
625 1149 696 1185 sub
715 1156 830 1185 nocte
852 1161 921 1197 per
940 1149 1127 1195 umbram,

164 1225 309 1261 perque
331 1213 469 1250 domos
492 1214 590 1250 Ditis
611 1226 749 1250 vacuas
771 1220 809 1250 et
829 1214 956 1250 inania
975 1226 1117 1262 regna:

164 1278 275 1326 quale
295 1290 364 1327 per
384 1278 568 1315 incertam
587 1278 716 1315 lunam
737 1279 808 1316 sub
829 1279 913 1315 luce
936 1279 1100 1327 maligna

165 1350 220 1379 est
236 1343 306 1379 iter
325 1343 363 1379 in
384 1343 496 1388 silvis,
518 1343 584 1380 ubi
604 1344 754 1381 caelum
777 1343 953 1381 condidit
973 1345 1108 1381 umbra

166 1408 349 1456 Iuppiter,
371 1415 408 1444 et
427 1408 540 1444 rebus
561 1421 640 1444 nox
660 1408 813 1445 abstulit
833 1415 914 1445 atra
934 1410 1118 1446 colorem.

163 1472 403 1509 Vestibulum
423 1478 512 1508 ante
533 1472 670 1520 ipsum,
692 1473 901 1522 primisque
923 1474 960 1510 in
982 1474 1154 1511 faucibus
1176 1475 1280 1520 Orci,

165 1537 308 1574 Luctus
330 1543 367 1574 et
386 1537 539 1573 ultrices
560 1550 723 1586 posuere
745 1539 886 1575 cubilia
907 1540 1031 1576 Curae
1049 1554 1058 1585 3

163 1601 425 1650 pallentesque
447 1602 620 1639 habitant
640 1603 781 1649 Morbi,
804 1604 994 1652 tristisque
1016 1605 1214 1649 Senectus,

164 1673 200 1703 et
222 1667 364 1713 Metus,
386 1674 423 1703 et
444 1667 667 1704 malesuada
688 1669 839 1714 Fames,
862 1681 906 1704 ac
927 1670 1045 1717 turpis
1069 1671 1240 1718 Egestas,

164 1732 348 1768 terribiles
367 1732 448 1768 visu
469 1732 613 1769 formae
632 1748 639 1770 ε
672 1734 902 1781 Letumque,
926 1734 1129 1782 Labosque
1147 1749 1155 1780 3

163 1803 244 1833 tum
266 1797 575 1845 consanguineus
597 1798 682 1834 Leti
703 1799 836 1846 Sopor,
859 1806 896 1834 et
917 1799 1016 1835 mala
1036 1800 1174 1835 mentis

164 1860 328 1907 Gaudia,
349 1862 663 1910 mortiferumque
685 1863 845 1900 adverso
867 1864 904 1900 in
925 1865 1055 1900 limine
1078 1865 1236 1905 Bellum,

163 1926 350 1974 ferreique
372 1926 634 1964 Eumenidum
654 1928 821 1974 thalami,
844 1936 882 1965 et
904 1929 1110 1965 Discordia
1130 1929 1304 1974 demens,

162 1991 359 2039 vipereum
380 1992 526 2029 crinem
547 1993 646 2029 vittis
667 1993 807 2030 innexa
827 1994 1005 2031 cruentis.

218 2057 265 2093 In
285 2056 416 2094 medio
435 2070 562 2095 ramos
583 2072 807 2108 annosaque
829 2059 984 2096 brachia
1003 2059 1140 2107 pandit

162 2121 286 2158 ulmus
307 2134 442 2171 opaca,
465 2124 611 2172 ingens,
633 2137 749 2172 quam
770 2124 905 2160 sedem
927 2125 1083 2161 Somnia
1102 2125 1214 2173 volgo

163 2199 260 2224 vana
279 2194 411 2225 tenere
432 2189 568 2234 ferunt,
590 2189 764 2237 foliisque
786 2189 856 2225 sub
877 2189 1055 2225 omnibus
1077 2189 1246 2225 haerent.

165 2253 365 2301 Multaque
387 2261 584 2302 praeterea
602 2255 788 2290 variarum
810 2261 979 2291 monstra
1000 2255 1162 2291 serarum
1181 2269 1187 2291 :

165 2318 346 2355 Centauri
366 2319 405 2355 in
425 2319 567 2356 foribus
588 2319 791 2365 stabulant,
814 2319 1038 2368 Scyllaeque
1061 2320 1253 2365 biformes,

165 2388 201 2418 et
221 2385 555 2431 centumgeminus
577 2385 761 2429 Briareus,
783 2397 828 2420 ac
849 2384 963 2420 belua
986 2385 1132 2421 Lernae
1238 2387 1239 2390 ’

165 2445 398 2483 horrendum
420 2447 595 2493 stridens,
617 2448 857 2496 flammisque
879 2455 1023 2484 armata
1043 2448 1257 2492 Chimaera,

166 2510 368 2558 Gorgones
390 2512 662 2559 Harpyiaeque
687 2519 723 2547 ct
744 2513 862 2547 forma
884 2513 1103 2560 tricorporis
1125 2514 1294 2549 umbrae.

1485 190 1560 239 163

1507 1288 1563 1314 270

1508 1613 1562 1639 275

1506 1930 1561 1956 280

1505 2255 1558 2289 285
