1690 2734
174 173 191 205 Ι
195 173 221 206 Ι.
239 174 331 216 354]
485 166 701 220 Warnz'ng
729 165 990 219 Apparitz’on
1023 166 1076 217 of
1098 165 1268 205 flector.

172 291 253 340 ipse
273 291 397 337 trahit,
420 302 610 338 cursuque
632 301 767 326 amens
788 288 837 325 ad
858 289 989 324 limina
1009 288 1145 324 tendit.

172 355 287 403 ‘Quo
308 368 366 392 res
387 367 547 399 summa,
571 354 671 399 loco,
696 354 873 390 Panthu?
922 354 1049 400 Quam
1071 353 1295 401 prendimus
1317 366 1444 389 arcem
1459 355 1494 389 ?’

169 421 244 457 Vix
264 433 310 456 ea
330 420 426 457 fatus
448 432 564 463 eram,
587 419 733 471 gemitu
756 431 845 454 cum
867 418 955 454 talia
974 417 1099 453 reddit
1119 432 1124 453 :

171 487 179 502 ‘
193 485 308 521 Venit
328 497 481 522 summa
502 483 584 520 dies
607 490 644 520 et
665 482 909 520 ineluctabile
930 488 1084 530 tempus

170 549 389 586 Dardaniae
408 564 414 586 :
447 549 585 585 fuimus
606 549 740 594 Troes,
763 548 832 584 fuit
855 548 966 584 Ilium
989 553 1026 583 et
1047 547 1182 595 ingens

168 615 287 662 gloria
307 615 548 651 Teucrorum
564 627 574 660 3
606 613 706 650 ferus
728 613 859 649 omnia
881 612 1056 660 Iuppiter
1076 613 1198 660 Argos

167 680 354 716 transtulit
370 693 380 725 3
412 679 572 715 incensa
594 678 723 715 Danai
745 677 996 714 dominantur
1016 674 1053 713 in
1075 677 1180 713 urbe.

167 744 319 781 Arduus
341 750 506 780 armatos
528 742 665 780 mediis
687 743 724 780 in
747 743 952 779 moenibus
973 741 1127 778 adstans

166 809 290 845 fundit
312 821 444 857 equus,
466 809 665 856 victorque
688 809 806 846 Sinon
829 806 1011 844 incendia
1031 807 1167 843 miscet

167 874 350 911 insultans
367 888 377 920 3
409 874 527 922 portis
548 873 608 910 alii
630 874 892 921 bipatentibus
913 872 1066 917 adsunt,

165 939 267 975 milia
288 946 380 987 quot
402 939 550 987 magnis
571 951 756 986 umquam
778 950 918 975 venere
942 937 1146 986 Mycenis;

165 1003 355 1040 obsedere
378 1004 438 1040 alii
460 1004 542 1040 telis
563 1010 726 1052 angusta
745 1004 890 1039 viarum

164 1068 332 1116 oppositi
349 1082 358 1114 3
390 1075 461 1105 stat
482 1068 566 1105 ferri
589 1068 690 1105 acies
711 1080 897 1116 mucrone
919 1079 1081 1104 corusco

164 1134 303 1180 stricta,
321 1141 455 1182 parata
474 1134 562 1170 neci
578 1147 588 1180 3
618 1133 680 1170 vix
700 1133 813 1182 primi
834 1133 980 1181 proelia
1001 1138 1192 1180 temptant

163 1205 358 1246 portarum
379 1199 522 1247 vigiles,
545 1205 582 1235 et
602 1211 723 1235 caeco
746 1199 870 1235 Marte
892 1198 1097 1235 resistunt.'

221 1264 377 1300 Talibus
408 1262 628 1311 Othryadae
660 1263 772 1300 dictis
795 1269 833 1300 et
854 1263 1011 1299 numine
1034 1262 1163 1299 divom

163 1329 200 1365 in
222 1329 397 1365 flammas
418 1334 455 1365 et
476 1329 515 1365 in
535 1340 641 1365 arma
660 1329 771 1372 feror,
794 1340 871 1376 quo
893 1328 1005 1364 tristis
1029 1328 1176 1376 Erinys,

162 1405 239 1441 quo
261 1394 429 1430 fremitus
450 1400 566 1431 vocat
588 1400 624 1430 et
645 1394 814 1430 sublatus
836 1392 885 1429 ad
907 1393 1064 1429 aethera
1085 1393 1242 1430 clamor.

162 1457 322 1495 Addunt
342 1470 382 1495 se
403 1459 529 1495 socios
553 1459 729 1507 Rhipeus
750 1465 788 1494 et
809 1459 996 1495 maximus
1018 1459 1130 1510 armis

163 1523 311 1571 Epytus
332 1524 449 1560 oblati
470 1536 539 1572 per
558 1524 687 1560 lunam
711 1524 966 1572 Hypanisque
992 1525 1226 1572 Dymasque,

161 1595 197 1624 et
219 1588 323 1625 lateri
345 1588 611 1637 adglomerant
632 1596 775 1634 nostro,
799 1589 1023 1636 iuvenisque
1046 1589 1259 1634 Coroebus,

162 1653 424 1701 Mygdonides
442 1668 448 1690 :
480 1654 549 1691 illis
569 1654 618 1690 ad
639 1654 795 1690 Troiam
818 1654 912 1690 forte
935 1653 1073 1690 diebus

159 1725 327 1763 venerat,
350 1719 485 1755 insano
506 1718 747 1756 Cassandrae
771 1719 950 1756 incensus
972 1731 1114 1764 amore,

161 1789 199 1819 et
219 1795 337 1831 gener
357 1784 537 1820 auxilium
561 1784 711 1821 Priamo
735 1784 1024 1834 Phrygibusque
1048 1785 1207 1830 ferebat,

161 1848 300 1893 infelix,
323 1849 386 1896 qui
409 1861 488 1885 non
508 1861 674 1897 sponsae
696 1856 905 1897 praecepta
926 1849 1081 1886 furentis

161 1912 334 1950 audierit.

215 1978 323 2025 Quos
344 1978 409 2015 ubi
431 1979 624 2015 confertos
645 1978 787 2016 audere
811 1980 847 2016 in
870 1980 1015 2028 proelia
1037 1980 1126 2025 vidi,

159 2042 303 2091 incipio
324 2055 437 2091 super
457 2044 514 2080 his
532 2058 538 2080 :
571 2045 767 2090 ‘Iuvenes‚
792 2045 995 2082 fortissima
1016 2046 1149 2082 frustra

159 2114 330 2155 pectora,
353 2108 382 2145 si
403 2109 514 2145 vobis
535 2108 746 2146 audentem
769 2117 938 2147 extrema
960 2111 1105 2159 cupido

161 2179 264 2208 certa
284 2173 404 2220 sequi,
427 2185 525 2221 quae
547 2174 593 2210 sit
614 2175 727 2211 rebus
749 2174 899 2211 fortuna
920 2175 1056 2213 videtis
1074 2191 1080 2213 :

161 2249 362 2274 excessere
383 2250 532 2283 omnes,
555 2238 678 2287 adytis
699 2240 849 2287 arisque
871 2240 1022 2286 relictis,

159 2301 211 2346 di,
233 2303 370 2350 quibus
393 2303 594 2352 imperium
616 2304 692 2340 hoc
715 2311 868 2341 steterat
887 2319 894 2350 ;
926 2306 1142 2342 succurritis
1166 2307 1246 2344 urbi

160 2367 339 2403 incensae
357 2382 365 2413 ;
397 2369 605 2405 moriamur
625 2376 661 2405 et
682 2370 720 2405 in
743 2369 870 2406 media
892 2383 994 2406 arma
1014 2383 1179 2408 ruamus.

160 2431 249 2468 Una
269 2432 367 2468 salus
389 2433 508 2478 victis7
531 2433 673 2470 nullam
695 2446 846 2482 sperare
869 2435 1056 2472 salutem.'

351 2515 396 2535 32⁸
412 2519 522 2543 astans.
547 2518 582 2546 R.
747 2517 791 2538 329
807 2527 884 2547 ecus,
909 2520 944 2548 R.
1100 2520 1144 2540 339
1161 2521 1305 2557 leiplzeus.
1331 2522 1364 2549 R.

1519 167 1576 219 69

1518 555 1573 583 325

1515 880 1571 908 330

1510 1206 1565 1234 335

1510 1532 1565 1560 340

1506 1858 1560 1886 345

1505 2185 1561 2213 350
