1690 2734
138 209 312 252 111.460.]
511 203 599 243 lee
630 203 851 256 Proplzecy
883 203 937 256 of
957 202 1164 243 Helenus.

137 327 241 377 pube
261 334 384 374 tenus,
405 334 601 376 postrema
621 327 778 363 immani
799 338 961 375 corpore
982 326 1119 375 pristis,

137 392 365 441 delphinum
385 391 527 429 caudas
548 399 655 428 utero
677 391 885 428 commissa
904 391 1094 439 luporum.

138 458 307 495 Praestat
326 457 512 493 Trinacrii
533 463 653 493 metas
674 457 829 493 lustrare
852 456 1023 504 Pachyni

138 529 367 567 cessantem,
389 522 525 570 longos
547 528 584 558 et
605 521 905 558 circumflectere
927 533 1071 566 cursus,

137 600 254 637 quam
275 587 394 624 semel
414 587 617 623 informem
638 593 744 622 vasto
766 585 904 622 vidisse
926 586 997 622 sub
1017 592 1127 622 antro

137 653 312 702 Scyllam,
335 658 373 688 et
393 651 576 688 caeruleis
599 651 757 687 canibus
779 651 998 687 resonantia
1013 663 1114 687 saxa.

192 719 425 763 ‘Praeterea,
448 717 477 753 si
498 729 575 764 qua
596 724 653 752 est
676 716 833 752 Heleno
855 715 1071 764 prudentia,
1093 715 1168 752 vati

137 783 168 820 si
188 795 264 831 qua
283 782 391 827 fides,
414 781 587 836 animum
606 781 635 817 si
656 781 753 817 veris
776 781 909 829 implet
929 780 1081 829 Apollo,

137 860 257 884 unum
278 846 369 883 illud
390 847 468 892 tibi,
490 853 577 882 nate
599 845 684 892 dea,
709 858 855 894 proque
877 846 1057 882 omnibus
1080 858 1200 882 unum

136 912 371 961 praedicam,
394 919 430 948 et
450 919 628 960 repetens
651 913 865 960 iterumque
888 912 1101 960 iterumque
1123 911 1293 949 monebo
1312 926 1318 948 :

138 978 298 1015 Iunonis
319 989 480 1026 magnae
502 978 668 1026 primum
688 989 804 1025 prece
826 989 970 1013 numen
991 976 1110 1013 adora
1125 991 1135 1024 3

138 1043 278 1080 Iunoni
298 1055 393 1079 cane
415 1049 504 1079 vota
523 1042 657 1088 libens,
680 1041 956 1090 dominamque
977 1048 1179 1091 potentem

137 1107 373 1156 supplicibus
394 1120 533 1155 supera
553 1107 664 1143 donis
684 1122 689 1144 :
723 1107 776 1143 sic
799 1107 969 1155 denique
991 1107 1113 1144 victor

135 1173 333 1209 Trinacria
353 1173 435 1209 finis
457 1173 574 1209 Italos
596 1169 745 1209 mittEre
766 1173 910 1209 relicta.

192 1240 201 1256 ‘
217 1238 309 1274 Huc
330 1238 395 1274 ubi
416 1237 563 1274 delatus
586 1238 802 1275 Cumaeam
823 1238 1031 1275 accesseris
1053 1239 1199 1284 urbem,

138 1302 364 1351 divinosque
387 1303 502 1348 lacus,
525 1309 562 1339 et
582 1305 734 1339 Averna
754 1304 931 1340 sonantia
951 1303 1064 1350 silvis,

137 1368 311 1404 insanam
332 1375 456 1404 vatem
477 1368 651 1416 aspicies,
674 1381 772 1416 quae
793 1381 888 1417 rupe
909 1369 980 1406 sub
1000 1369 1078 1406 ima

137 1433 213 1469 sata
233 1433 345 1478 canit,
367 1433 542 1481 foliisque
564 1440 673 1470 notas
695 1441 733 1470 et
754 1434 913 1470 nomina
933 1434 1104 1472 mandat.

138 1498 419 1547 Quaecumque
441 1499 479 1535 in
500 1499 596 1535 foliis
618 1499 820 1548 descripsit
841 1500 1011 1536 carmina
1030 1500 1147 1549 virgo,

138 1563 274 1612 digerit
294 1564 331 1600 in
352 1576 566 1609 numerum,
588 1571 703 1613 atque
725 1572 834 1602 antro
857 1565 1007 1602 seclusa
1026 1566 1216 1614 relinquit.

138 1629 207 1665 Illa
227 1636 384 1665 manent
404 1629 565 1666 immota
584 1630 690 1676 locis,
713 1643 839 1678 neque
861 1630 910 1667 ab
931 1630 1065 1667 ordine
1088 1630 1233 1668 cedunt
1248 1645 1258 1678 ς

136 1706 268 1730 verum
289 1693 439 1740 eadem,
461 1708 570 1732 verso
590 1696 714 1732 tenuis
737 1709 826 1732 cum
847 1695 1007 1732 cardine
1028 1702 1164 1733 ventus

137 1759 286 1808 impulit
307 1766 344 1796 et
363 1767 513 1797 teneras
535 1761 698 1798 turbavit
720 1762 833 1798 ianua
854 1761 1025 1807 frondes,

137 1837 348 1873 numquam
370 1825 512 1862 deinde
534 1839 629 1863 cavo
651 1827 849 1863 volitantia
869 1827 1058 1875 prendere
1080 1839 1184 1874 saxo,

137 1902 210 1926 nec
231 1903 413 1928 revocare
435 1893 525 1928 situs
547 1900 610 1929 aut
632 1893 788 1941 iungere
811 1893 981 1929 carmina
1002 1899 1107 1929 curat
1125 1908 1131 1929 :

138 1956 342 1993 inconsulti
364 1957 517 2002 abeunt,
540 1958 752 2006 sedemque
775 1958 893 1995 odere
915 1958 1089 2007 Sibyllae.

140 2022 219 2058 Hic
240 2023 306 2059 tibi
328 2035 375 2059 ne
397 2036 473 2071 qua
492 2036 623 2060 morae
644 2024 782 2060 fuerint
804 2022 1008 2072 dispendia
1028 2024 1195 2069 tanti,—

138 2088 311 2135 quamvis
333 2088 563 2136 increpitent
584 2088 689 2133 socii,
712 2095 750 2125 et
770 2088 805 2125 vi
829 2100 958 2125 cursus
980 2088 1017 2124 in
1039 2088 1156 2125 altum

137 2152 221 2189 vela
239 2159 364 2199 vocet,
386 2153 585 2201 possisque
607 2154 710 2190 sinus
730 2153 888 2202 implere
909 2152 1116 2199 secundos,
1130 2175 1182 2180 -—-

138 2217 229 2265 quin
251 2216 367 2254 adeas
388 2224 514 2254 vatem
534 2218 790 2266 precibusque
812 2218 965 2255 oracula
985 2230 1123 2266 poscas

138 2282 220 2330 ipsa
241 2288 364 2326 canat,
387 2294 601 2330 vocemque
621 2283 753 2319 volens
774 2289 889 2331 atque
911 2295 977 2319 ora
996 2283 1172 2320 resolvat.

140 2346 208 2383 Illa
228 2346 291 2383 tibi
316 2347 446 2382 Italiae
469 2347 633 2395 populos
654 2353 889 2395 venturaque
910 2347 1020 2392 bella,

139 2417 177 2447 et
196 2423 274 2459 quo
294 2423 488 2459 quemque
511 2404 631 2448 modo
652 2412 850 2460 fugiasque
872 2412 1046 2460 ferasque
1067 2412 1239 2449 laborem

139 2475 332 2523 expediet,
354 2488 562 2524 cursusque
583 2476 689 2513 dabit
709 2484 894 2514 venerata
913 2477 1118 2514 secundos.

368 2560 412 2581 427
421 2562 551 2598 pistrix.
575 2563 616 2590 H.
632 2562 656 2590 ἃ
674 2563 708 2590 R.
1015 2563 1056 2583 441
1079 2564 1247 2598 Cymaeam.
1271 2563 1305 2591 R.

1479 214 1534 257 97

1480 527 1537 555 430

1480 852 1535 879 435

1479 1179 1537 1207 440

1479 1506 1535 1536 445

1480 1834 1537 1864 450

1480 2160 1536 2189 455
