1690 2734
121 170 234 211 1.53.]
569 164 654 204 'l'lee
682 165 836 205 'lVrallz
868 165 1064 218 ofsuno.

119 287 303 334 audierat,
324 287 456 336 Tyrias
477 287 567 324 olim
588 299 687 335 quae
708 294 871 324 verteret
893 300 999 324 arces
1016 302 1025 333 ;

119 351 209 388 hinc
229 352 418 400 populum
439 352 513 388 late
533 363 671 400 regem·
684 351 863 400 belloque
885 353 1094 400 superbum

118 422 320 453 venturum
341 416 494 454 excidio
515 416 658 465 Libyae
676 431 682 454 :
716 417 769 454 sic
791 417 942 454 volvere
966 419 1114 454 Parcas.

120 480 167 517 Id
188 488 376 528 metuens,
398 482 612 530 veterisque
636 494 785 518 memor
807 482 980 519 Saturnia
1000 482 1100 527 belli,

118 547 242 596 prima
262 546 368 595 quod
388 546 439 583 ad
458 547 614 583 Troiam
635 559 704 595 pro
727 547 823 584 caris
843 555 1012 596 gesserat
1033 549 1202 597 Argis—

117 613 286 650 necdum
309 613 425 649 etiam
446 624 583 649 causae
605 612 742 649 irarum
765 613 944 661 saevique
965 614 1118 652 dolores

117 679 340 717 exciderant
360 680 490 716 animo
507 693 514 715 :
547 686 675 716 manet
696 680 770 716 alta
791 686 920 716 mente
941 688 1140 729 repostum

119 746 303 783 iudicium
326 745 470 784 Paridis
491 753 720 795 spretaeque
744 746 878 783 iniuria
899 747 1054 793 formae,

118 819 155 849 et
175 826 294 861 genus
316 813 491 859 invisum,
514 819 551 849 et
572 813 668 861 rapti
692 812 929 861 Ganymedis
951 813 1127 851 honores.

120 879 193 916 His
214 891 381 916 accensa
401 891 528 928 super,
550 880 713 916 iactatos
736 892 903 928 aequore
924 886 1006 916 toto

116 945 248 989 Troas,
270 944 446 993 reliquias
469 946 649 981 Danaum
669 950 784 993 atque
806 945 963 981 immitis
984 944 1134 991 Achilli,

117 1010 272 1047 arcebat
291 1010 406 1059 longe
428 1011 549 1056 Latio,
572 1010 792 1059 multosque
813 1022 882 1059 per
901 1022 1023 1048 annos

118 1075 305 1122 errabant,
327 1076 402 1113 acti
422 1076 517 1122 fatis,
540 1077 659 1113 maria
679 1076 810 1113 omnia
830 1076 988 1113 circum.

116 1141 264 1178 Tantae
286 1142 396 1178 molis
417 1148 496 1178 erat
516 1143 736 1179 Romanam
759 1141 929 1178 condere
949 1148 1105 1190 gentem
1125 1144 1131 1179 !

169 1207 243 1243 Vix
264 1219 284 1243 e
306 1214 520 1255 conspectu
541 1208 690 1245 Siculae
711 1207 852 1244 telluris
874 1207 912 1244 in
932 1207 1051 1244 altum

117 1271 201 1307 vela
221 1270 365 1308 dabant
384 1272 484 1317 laeti,
507 1278 544 1309 et
565 1284 721 1320 spumas
744 1272 830 1309 salis
852 1284 938 1309 aere
958 1272 1133 1319 ruebant,

118 1349 207 1373 cum
229 1337 339 1382 Iuno,
361 1343 559 1374 aeternum
580 1350 734 1374 servans
756 1337 826 1374 sub
848 1343 1006 1386 pectore
1026 1337 1173 1383 volnus,

118 1400 214 1437 haec
235 1414 368 1438 secum
386 1416 392 1438 :
427 1403 566 1439 ‘Mene
589 1403 746 1451 incepto
767 1401 951 1439 desistere
971 1402 1123 1449 victam,

117 1478 191 1502 nec
211 1478 323 1514 posse
347 1467 456 1503 Italia
474 1468 714 1504 Teucrorum
736 1474 906 1504 avertere
928 1468 1086 1516 regem?

119 1531 275 1580 Quippe
296 1539 404 1569 vetor
423 1532 517 1569 fatis.
577 1533 749 1569 Pallasne
771 1544 928 1569 exurere
950 1532 1112 1569 classem

117 1597 298 1644 Argivom
318 1603 434 1645 atque
454 1597 558 1646 ipsos
579 1598 704 1646 potuit
725 1598 969 1645 submergere
989 1604 1125 1646 ponto,

117 1661 227 1698 unius
247 1661 298 1698 ob
319 1674 461 1699 noxam
483 1668 521 1699 et
540 1663 653 1699 furias
676 1662 803 1699 Aiacis
825 1663 954 1700 Oilei?

119 1726 220 1773 Ipsa,
242 1726 344 1763 Iovis
364 1727 543 1775 rapidum
564 1727 729 1764 iaculata
749 1740 769 1764 e
791 1727 956 1764 nubibus
978 1728 1120 1775 ignem,

118 1789 345 1839 disiecitque
366 1798 464 1829 rates
485 1793 696 1840 evertitque
718 1805 888 1840 aequora
907 1793 1041 1838 ventis,

118 1855 220 1891 illum
243 1856 483 1904 expirantem
503 1857 685 1893 transfixo
707 1864 864 1905 pectore
886 1857 1058 1894 flammas

117 1919 268 1956 turbine
289 1921 470 1969 corripuit
491 1922 730 1970 scopuloque
752 1922 872 1958 infixit
892 1929 1019 1958 acuto.

119 1985 186 2021 Ast
207 1997 292 2033 ego,
315 1998 412 2034 quae
434 1985 566 2023 divom
587 1986 729 2023 incedo
751 1987 894 2035 regina,
920 1988 1098 2035 Iovisque

118 2056 156 2085 et
176 2062 283 2086 soror
302 2057 340 2087 et
360 2051 540 2097 coniunx,
563 2064 640 2088 una
661 2065 750 2089 cum
773 2058 888 2100 gente
910 2058 967 2088 tot
987 2065 1109 2089 annos

118 2114 217 2150 bella
235 2127 326 2163 gero
347 2117 354 2152 1
412 2117 462 2153 Et
481 2117 685 2165 quisquam
706 2129 852 2154 numen
874 2117 1033 2154 Iunonis
1054 2117 1188 2154 adoret

118 2185 328 2226 praeterea,
350 2187 415 2217 aut
435 2182 597 2230 supplex
616 2182 687 2219 aris
709 2182 883 2230 imponet
903 2182 1141 2218 honorem?'

171 2244 279 2280 Talia
298 2244 492 2282 flammato
513 2259 644 2283 secum
667 2246 742 2284 dea
763 2247 880 2284 corde
902 2247 1074 2284 volutans

118 2308 336 2346 nimborum
357 2310 395 2346 in
416 2312 588 2359 patriam,
610 2312 697 2348 loca
717 2313 793 2349 feta
815 2312 1024 2349 furentibus
1046 2312 1192 2357 austris,

118 2373 291 2411 Aeoliam
311 2376 426 2412 venit.
486 2377 564 2413 Hic
584 2383 691 2414 vasto
712 2389 777 2414 rex
799 2377 942 2414 Aeolus
967 2383 1074 2414 antro

118 2437 306 2476 luctantes
327 2447 462 2477 ventos
481 2448 809 2490 tempestatesque
831 2454 989 2479 sonoras

195 2524 223 2544 41
244 2525 319 2553 Oili.
342 2526 376 2554 R.
467 2526 496 2545 ⁴³5
512 2528 673 2563 canriptcit.
699 2528 738 2556 H.
829 2527 858 2547 49
875 2528 1021 2564 imponat.
1045 2528 1086 2555 H.
1176 2527 1204 2547 53
1220 2528 1374 2555 luctantis.
1397 2527 1438 2555 H.

1462 178 1513 220 37

1479 297 1516 316 20

1479 953 1516 980 30

1477 1278 1513 1306 35

1476 1605 1514 1631 40

1477 1930 1512 1956 43
