1690 2734
123 218 127 222 ›
168 202 246 232 120
497 204 553 233 1V.
589 192 836 245 Deparlure
854 193 978 245 from
1006 191 1231 247 Carthage.

161 315 357 363 multaque
378 321 577 363 praeterea
596 321 726 351 vatum
748 314 947 363 praedicta
967 315 1136 363 priorum

161 380 315 417 terribili
336 380 484 416 monitu
507 380 738 416 horrificant.
798 381 885 428 Agit
908 380 988 428 ipse
1011 380 1199 417 furentem

162 447 198 484 in
221 445 364 482 somnis
386 445 485 481 serus
506 446 657 481 Aeneas
674 457 683 490 3
715 456 945 493 semperque
966 445 1128 493 relinqui

161 513 241 550 sola
261 512 343 556 sibi,
365 521 517 557 semper
540 509 696 557 longam
718 510 942 546 incomitata
961 509 1111 546 videtur

161 580 213 615 ire
235 579 346 623 viam,
369 583 406 613 et
425 574 561 623 Tyrios
584 574 736 611 deserta
757 586 940 623 quaerere
961 581 1071 611 terra.

162 641 426 681 Eumenidum
447 639 561 676 veluti
584 638 747 676 demens
767 639 873 676 videt
894 640 1047 688 agmina
1068 639 1274 687 Pentheus,

161 716 199 746 et
219 708 339 745 solem
360 706 557 755 geminum
580 711 618 741 et
639 703 803 752 duplicis
824 716 863 741 se
885 704 1090 741 ostendere
1111 705 1266 742 Thebas
1280 718 1291 752 5
1343 719 1345 724 ’

161 780 226 811 aut
247 771 580 821 Agamemnonius
601 769 750 806 scaenis
772 769 933 818 agitatus
956 769 1113 807 Orestes

161 846 346 876 armatam
367 837 512 874 facibus
534 841 695 872 matrem
717 840 756 871 et
776 835 1015 882 serpentibus
1036 834 1124 871 atris

163 917 251 941 cum
272 904 377 951 fugit,
400 902 631 949 ultricesque
653 899 792 936 sedent
812 900 850 935 in
871 899 1000 935 limine
1023 899 1151 936 Dirae.

217 970 320 1017 Ergo
341 968 405 1005 ubi
426 967 609 1015 concepit
631 965 743 1002 furias
767 964 890 1001 evicta
911 963 1043 1000 dolore

163 1034 411 1081 decrevitque
433 1032 542 1078 mori,
563 1038 717 1080 tempus
739 1041 871 1066 secum
893 1029 976 1077 ipsa
995 1028 1238 1078 modumque

163 1100 289 1148 exigit,
312 1106 361 1144 et,
384 1105 570 1135 maestam
591 1096 705 1133 dictis
727 1094 909 1143 adgressa
929 1106 1112 1139 sororem,

163 1165 366 1203 consilium
387 1164 489 1200 voltu
511 1163 616 1211 tegit,
638 1174 682 1198 ac
704 1172 817 1209 spem
839 1159 962 1196 fronte
984 1165 1133 1196 serenat
1151 1173 1158 1195 :

217 1234 225 1249 ‘
242 1230 388 1274 Inveni,
411 1240 606 1276 germana,
628 1227 727 1263 viam
744 1232 953 1273 *gratare
975 1225 1157 1260 sorori——

163 1307 261 1343 quae
284 1295 376 1331 mihi
397 1292 534 1330 reddat
555 1304 656 1337 eum,
678 1291 738 1328 vel
759 1302 805 1327 eo
828 1302 889 1326 me
912 1289 1033 1326 solvat
1053 1295 1261 1326 amantem.
1316 1308 1318 1310 ·

164 1360 313 1397 Oceani
336 1359 451 1395 finem
474 1358 577 1394 iuxta
598 1356 797 1404 solemque
824 1354 1032 1392 cadentem

163 1425 316 1461 ultimus
338 1423 574 1470 Aethiopum
595 1422 702 1458 locus
724 1427 791 1465 est,
814 1419 881 1456 ubi
906 1431 1108 1455 maxumus
1131 1419 1233 1456 Atlas

164 1502 274 1526 axem
298 1489 457 1525 humero
479 1493 631 1535 torquet
653 1486 767 1523 stellis
789 1485 1011 1522 ardentibus
1033 1492 1166 1534 aptum
1184 1500 1191 1523 ε

164 1554 253 1591 hinc
275 1553 367 1590 mihi
391 1552 581 1601 Massylae
603 1551 726 1600 gentis
749 1558 960 1588 monstrata
981 1551 1175 1597 sacerdos,

166 1618 429 1667 Hesperidum
451 1617 584 1666 templi
605 1623 747 1661 custos,
771 1616 979 1665 epulasque
1002 1616 1162 1653 draconi

164 1696 261 1732 quae
283 1683 411 1729 dabat,
434 1690 471 1720 et
492 1695 619 1720 sacros
642 1683 823 1732 servabat<
839 1683 876 1719 in
899 1683 1034 1720 arbore
1054 1695 1194 1729 ramos,

164 1762 344 1798 spargens
366 1748 498 1785 umida
518 1748 632 1784 mella
653 1748 987 1796 soporiferumque
1010 1759 1189 1797 papaver.

166 1816 279 1851 Haec
300 1827 340 1851 se
362 1814 594 1851 carminibus
615 1814 802 1862 promittit
826 1814 972 1851 solvere
994 1820 1145 1851 mentes

164 1892 257 1928 quas
278 1880 379 1925 velit,
402 1886 458 1916 ast
480 1879 558 1915 aliis
583 1878 696 1916 duras
723 1879 926 1916 immittere
950 1891 1071 1923 curaS‚

164 1945 294 1982 sistere
316 1957 456 1993 aquam
477 1944 609 1989 fluviis,
633 1938 669 1980 et
695 1951 840 1981 vertere
862 1943 988 1981 sidera
1006 1950 1107 1981 retro
1125 1957 1134 1990 ;

165 2017 452 2058 nocturnosque
474 2015 603 2046 movet
626 1995 753 2047 Manis
772 2025 777 2047 :
813 2010 958 2058 mugire
980 2009 1127 2046 videbis

164 2075 235 2112 sub
256 2074 420 2123 pedibus
442 2081 593 2121 terram,
617 2082 655 2112 et
680 2075 920 2113 descendere
943 2074 1139 2111 montibus
1160 2083 1287 2110 ornos.

164 2140 314 2184 Test‘or,
338 2152 436 2185 cara,
459 2139 554 2177 deos
576 2147 614 2178 et
634 2148 684 2186 te,
706 2152 900 2189 germana,
922 2146 1108 2187 tuumque

166 2204 279 2242 dulce
302 2212 429 2253 caput,
451 2206 623 2255 magicas
647 2206 804 2243 invitam
826 2204 1020 2252 accingier
1040 2209 1149 2240 artes.

164 2270 225 2306 Tu
246 2277 393 2307 secreta
413 2284 546 2321 pyram
568 2278 673 2308 tecto
696 2270 874 2307 interiore
897 2269 967 2306 sub
987 2281 1096 2305 auras

166 2335 280 2383 erige,
304 2342 340 2372 et
361 2349 466 2374 arma
486 2337 566 2382 viri⁷
588 2336 758 2373 thalamo
780 2346 879 2383 quae
900 2334 976 2370 fixa
995 2332 1145 2381 reliquit

166 2402 317 2451 impius,
341 2402 573 2449 exuviasque
595 2401 732 2446 omnis,
755 2401 976 2447 lectumque
998 2398 1174 2446 iugalem,

167 2480 245 2516 quo
266 2467 372 2516 perii,
396 2467 690 2515 superimponas
708 2479 714 2501 ε
748 2464 900 2501 abolere
921 2461 1077 2500 nefandi

321 2550 362 2571 464
371 2555 509 2587 plorum.
532 2551 569 2579 R.
693 2549 736 2570 480
752 2549 892 2577 Omitted
909 2549 982 2576 here
997 2548 1060 2575 and
1077 2547 1190 2584 placed
1205 2546 1282 2574 after
1297 2545 1351 2574 51⁷.

1404 199 1563 242 [AENEID.

1509 379 1565 417 465

1510 712 1566 740 470

1510 1034 1567 1065 475

1511 1351 1569 1387 480

1513 1680 1569 1718 485

1514 2012 1571 2040 490

1515 2335 1571 2364 495
