1690 2734
134 184 188 235 76
568 196 611 225 11.
650 185 736 224 The
767 186 871 225 fall
897 187 951 238 of
980 186 1098 240 Troy.

133 314 173 344 ut
192 319 324 355 regem
345 320 585 356 aequaevum
606 307 753 345 crudeli
777 309 933 345 volnere
955 309 1032 346 vidi

132 373 249 409 vitam
271 373 513 410 exhalantem
530 387 540 419 ,-
571 374 686 410 subiit
707 373 859 410 deserta
880 375 1036 420 Creusa,

132 444 170 473 et
190 437 340 485 direpta
360 438 512 483 domus,
535 445 573 474 et
593 438 698 486 parvi
719 451 828 475 casus
851 433 951 476 Iulis

131 502 330 550 Respicio,
353 509 390 539 et
411 515 508 550 quae
531 503 577 539 sit
599 515 661 539 me
682 503 827 540 circum
847 504 962 552 copia
982 505 1111 543 lustro.

132 567 346 603 Deseruere
367 579 501 604 omnes
524 567 677 613 defessi,
700 573 738 604 et
752 563 922 617 ⁴corpora
942 571 1037 607 saltu

131 631 181 668 ad
203 638 342 668 terram
363 632 498 668 misere
519 639 584 668 aut
604 632 755 680 ignibus
776 645 890 682 aegra
911 634 1108 693 dederet,

189 695 371 746 [Iamque
393 696 493 733 adeo
515 709 630 746 super
650 709 747 734 unus
770 710 886 744 eram,
910 711 999 736 cum
1020 701 1152 738 limina
1171 703 1313 739 Vestae

130 768 345 798 servantem
367 765 407 798 et
426 762 581 799 tacitam
604 769 753 799 secreta
774 763 812 800 in
833 763 926 801 sede
947 765 1130 803 latentem

129 826 352 874 Tyndarida
373 827 519 876 aspicio
537 841 543 864 :
576 826 671 864 dant
691 828 793 864 clara
812 829 997 866 incendia
1017 831 1143 868 lucem

130 892 267 928 erranti
289 892 508 940 passimque
531 892 664 929 oculos
686 904 755 941 per
775 901 917 931 cuncta
937 895 1084 933 ferenti.

132 957 200 993 Illa
221 957 291 993 sibi
313 957 468 993 infestos
490 969 622 994 eversa
641 958 693 995 ob
716 959 901 1007 Pergama
920 961 1093 999 Teucros

130 1028 167 1057 et
188 1033 334 1070 poenas
358 1022 539 1058 Danaum
561 1029 598 1059 et
619 1023 760 1060 deserti
781 1026 955 1074 coniugis
976 1027 1047 1064 iras

129 1094 410 1135 praemetuens,
432 1088 570 1124 Troiae
593 1094 631 1125 et
651 1090 795 1138 patriae
817 1093 1035 1129 communis
1059 1094 1206 1142 Erinys,

129 1153 330 1190 abdiderat
351 1167 434 1191 sese
456 1162 571 1203 atque
595 1156 666 1192 aris
688 1156 809 1193 invisa
828 1157 1001 1194 sedebat.

131 1220 315 1256 Exarsere
337 1220 444 1268 ignes
465 1221 595 1258 animo
611 1235 621 1267 ,·
653 1222 754 1259 subit
774 1222 828 1259 ira
847 1222 1054 1260 cadentem

129 1285 260 1321 ulcisci
282 1287 442 1333 patriam
465 1293 503 1323 et
523 1287 727 1324 sceleratas
748 1300 898 1325 sumere
920 1302 1078 1337 poenas.

130 1353 138 1368 ⁴
153 1351 306 1387 Scilicet
327 1350 424 1387 haec
446 1352 618 1399 Spartam
642 1353 845 1390 incolumis
866 1355 1084 1403 patriasque
1108 1357 1295 1404 Mycenas

128 1418 300 1465 aspiciet,
324 1424 511 1465 partoque
534 1418 600 1455 ibit
622 1411 752 1467 regina
772 1420 979 1468 triumpho,

129 1483 441 1531 coniugiumque,
465 1483 718 1532 domumque,
741 1492 878 1533 patres,
900 1492 1089 1534 natosque
1111 1487 1267 1532 videbit,

130 1548 294 1585 Iliadum
317 1549 427 1585 turba
447 1556 484 1585 et
508 1549 676 1598 Phrygiis
702 1551 885 1587 comitata
905 1552 1111 1589 ministris?

128 1614 328 1652 Occiderit
349 1615 447 1651 ferro
470 1615 669 1652 Priamus?
724 1617 839 1652 Troia
859 1618 989 1654 arserit
1010 1618 1114 1665 igni?

129 1680 368 1717 Dardanium
391 1681 532 1717 totiens
553 1680 698 1718 sudarit
719 1683 904 1731 sanguine
926 1683 1041 1720 litus?

130 1748 221 1783 Non
241 1747 315 1783 ita:
348 1759 516 1795 namque
539 1747 609 1783 etsi
629 1747 775 1783 nullum
796 1749 1045 1785 memorabile
1067 1762 1211 1787 nomen

127 1813 294 1849 feminea
314 1813 351 1848 in
373 1824 501 1860 poena
521 1819 588 1857 est,
611 1826 684 1850 nec
706 1813 821 1850 habet
840 1814 999 1851 victoria
1020 1815 1186 1860 laudem,

128 1878 332 1915 extinxisse
353 1878 459 1915 nefas
481 1885 611 1915 tamen
632 1886 670 1915 et
690 1880 897 1928 sumpsisse
921 1882 1101 1918 merentis

127 1944 313 1981 laudabor
333 1956 491 1992 poenas,
513 1945 763 1993 animumque
787 1946 961 1993 explesse
984 1947 1125 1983 iuvabit

127 2011 269 2048 ultricis
292 2011 480 2057 flammae,
503 2017 540 2047 et
563 2011 711 2046 cineres
732 2011 887 2047 satiasse
909 2013 1111 2048 meorum.‘

181 2076 289 2112 Talia
310 2076 512 2121 iactabam,
534 2081 572 2111 et
593 2075 728 2114 furiata
748 2081 878 2111 mente
900 2075 1049 2112 ferebar
1065 2075 1096 2126 :]

128 2154 216 2177 curn
239 2141 329 2177 mihi
352 2153 404 2186 se,
426 2153 504 2177 non
525 2147 614 2177 ante
636 2140 758 2177 oculis
778 2147 856 2177 tarn
878 2141 990 2185 clara,
1011 2140 1220 2178 videndam

128 2205 265 2242 obtulit
287 2212 324 2242 et
344 2217 439 2253 pura
459 2217 529 2253 per
548 2211 706 2241 noctem
728 2205 766 2241 in
786 2205 872 2241 luce
893 2206 1036 2242 refulsit

128 2270 228 2307 alma
247 2282 397 2318 parens,
419 2270 596 2306 confessa
616 2269 744 2315 deam,
767 2270 966 2318 qualisque
987 2270 1107 2307 videri

128 2334 320 2371 caelicolis
342 2340 378 2370 et
399 2341 543 2381 quanta
563 2335 671 2380 solet,
695 2334 905 2383 dextraque
927 2335 1161 2383 prehensum

129 2399 328 2439 continuit,
352 2410 540 2445 roseoque
561 2398 658 2435 haec
679 2399 834 2447 insuper
853 2399 1004 2436 addidit
1024 2412 1089 2436 ore
1107 2415 1114 2436 :

129 2466 138 2482 ‘
155 2464 268 2508 Nate,
290 2464 373 2512 quis
395 2462 602 2501 indomitas
623 2469 751 2501 tantus
772 2464 883 2501 dolor
904 2465 1044 2501 excitat
1067 2464 1166 2502 iras?

710 2549 753 2570 590
770 2551 888 2587 optulit.
911 2551 945 2579 R.

1369 195 1527 238 [AENEID.

1473 904 1530 933 570

1473 1233 1528 1262 575

1472 1883 1528 1918 585

1473 2214 1528 2241 590
1580 2201 1582 2205 '
