1690 2734
155 204 199 235 11.
218 202 309 245 765.]
369 193 521 249 Flzgrlzt
551 192 605 246 os
625 192 800 233 AEneas
832 190 939 230 willa
971 188 1042 228 lcz's
1071 188 1333 228 Houselcold.

152 321 254 358 visus
275 318 411 356 adesse
433 316 579 366 pedum
600 316 758 360 sonitus,
781 313 1008 362 genitorque
1031 324 1099 360 per
1119 311 1295 348 umbram

153 385 405 435 prospiciens,
430 382 580 419 ‘Nate’
604 380 805 424 exclamat,
829 378 939 426 ‘fuge
963 384 1064 423 nate,
1086 377 1361 426 propinquant.

153 450 332 487 Ardentis
355 449 500 497 clipeos
521 453 636 495 atque
657 457 745 482 aera
765 443 948 481 micantia
968 454 1085 479 cerno
1105 444 1111 478 !
1129 443 1135 457 ⁷
1150 463 1202 467 —

155 517 233 553 Hic
255 515 349 552 mihi
371 514 502 551 nescio
524 511 632 561 quod
653 509 804 558 trepido
827 508 926 545 male
948 519 1094 544 numen
1116 507 1284 543 amicum

152 581 354 618 confusam
374 579 512 627 eripuit
532 583 716 614 mentem.
780 575 960 621 Namque
983 572 1066 609 avia
1087 584 1199 608 cursu

152 646 248 683 dum
268 657 419 693 sequor,
443 650 480 680 et
500 649 592 680 nota
613 640 765 679 excedo
786 639 942 688 regione
959 638 1117 683 viarum,

151 711 241 756 heu,
263 710 403 747 misero
424 709 595 746 coniunx
615 708 745 744 fatone
767 711 899 753 erepta
920 704 1067 753 Creusa

151 775 328 821 substitit,
351 774 536 811 erravitne
557 773 628 818 via,
651 785 719 808 seu
740 772 836 807 lassa
857 768 1012 815 resedit,

151 841 342 877 incertum
359 853 368 886 3
399 851 472 875 nec
494 844 580 887 post
602 837 722 874 oculis
745 843 802 873 est
822 834 975 872 reddita
994 834 1145 870 nostris.

152 906 239 941 Nec
261 905 363 953 prius
384 904 563 940 amissam
582 902 733 950 respexi
754 901 1004 948 animumque
1026 899 1168 943 reflexi,

151 982 270 1019 quam
290 970 480 1007 tumulum
501 968 682 1016 antiquae
704 967 854 1005 Cereris
875 965 1090 1013 sedemque
1112 971 1299 1001 sacratam

150 1035 327 1072 venimus
342 1048 353 1081 3
384 1034 446 1071 hic
467 1033 625 1071 demum
647 1032 819 1069 collectis
840 1031 1019 1068 omnibus
1041 1042 1118 1066 una

152 1101 286 1146 defuit,
308 1107 346 1137 et
367 1100 529 1136 comites
550 1105 760 1146 natumque
782 1097 982 1144 virumque
1005 1095 1147 1131 fefellit.

155 1166 284 1213 Quem
305 1177 384 1202 non
404 1164 575 1201 incusavi
597 1175 730 1199 amens
751 1162 1030 1209 hominumque
1054 1160 1307 1208 deorumque,

152 1237 217 1267 aut
238 1229 331 1278 quid
352 1230 390 1266 in
411 1241 543 1266 eversa
562 1227 639 1265 vidi
661 1227 853 1264 crudelius
873 1226 996 1263 urbe?

152 1295 362 1332 Ascanium
383 1293 657 1341 Anchisenque
681 1299 829 1340 patrem
849 1292 1099 1339 Teucrosque
1124 1291 1276 1327 Penatis

153 1359 391 1397 commendo
412 1359 527 1396 sociis
548 1365 585 1394 et
607 1369 721 1394 curva
741 1357 835 1393 valle
855 1356 1029 1393 recondo
1046 1370 1056 1402 3

152 1426 234 1473 ipse
255 1425 389 1462 urbem
409 1430 542 1473 repeto
564 1430 601 1460 et
623 1423 756 1471 cingor
775 1422 1007 1470 fulgentibus
1029 1421 1154 1458 armis.

152 1491 233 1528 Stat
254 1502 364 1526 casus
384 1500 567 1525 renovare
588 1488 727 1533 omnis,
749 1499 987 1534 omnemque
1009 1486 1145 1523 reverti

152 1567 221 1603 per
240 1555 409 1599 Troiam,
431 1561 469 1591 et
489 1566 615 1590 rursus
636 1559 752 1601 caput
772 1553 969 1589 obiectare
991 1552 1156 1600 periclis.

207 1619 399 1667 Principio
420 1630 548 1655 muros
569 1618 811 1665 obscuraque
833 1617 966 1653 limina
985 1623 1134 1664 portae,

153 1697 230 1733 qua
250 1697 420 1733 gressum
442 1684 664 1728 extuleram,
686 1689 833 1731 repeto,
856 1689 894 1719 et
914 1683 1074 1730 vestigia
1094 1689 1194 1719 retro

154 1750 356 1787 observata
376 1761 516 1797 sequor
535 1760 604 1797 per
623 1755 780 1785 noctem
802 1754 840 1784 et
861 1748 1005 1784 lumine
1027 1747 1156 1784 lustro.

156 1815 304 1851 Horror
324 1814 468 1862 ubique
489 1813 631 1859 animo,
654 1813 765 1849 simul
786 1813 868 1861 ipsa
888 1813 1038 1849 silentia
1057 1819 1211 1850 terrent.

156 1879 254 1916 Inde
276 1879 449 1924 domum,
471 1879 501 1915 si
522 1879 617 1915 forte
639 1878 793 1926 pedem,
816 1878 847 1914 si
866 1878 963 1914 forte
984 1878 1142 1923 tulisset,

156 1957 216 1981 me
237 1945 359 1980 refero
378 1958 384 1980 :
416 1944 610 1980 inruerant
632 1944 769 1988 Danai,
792 1949 829 1979 et
851 1949 997 1980 tectum
1020 1955 1134 1980 omne
1157 1943 1351 1980 tenebant.

155 2010 268 2046 Ilicet
288 2010 384 2057 ignis
404 2009 505 2045 edax
524 2022 675 2045 summa
694 2008 743 2045 ad
766 2009 912 2057 fastigia
930 2015 1046 2045 vento

154 2075 314 2111 volvitur
329 2088 339 2120 3
371 2080 601 2123 exsuperant
621 2074 810 2120 flammae,
833 2074 919 2110 furit
940 2081 1066 2111 aestus
1088 2073 1138 2110 ad
1158 2085 1278 2110 auras.

156 2139 332 2176 Procedo
353 2145 390 2176 et
412 2139 551 2176 Priami
571 2138 684 2176 sedes
706 2151 912 2187 arcemque
934 2139 1073 2176 reviso.

157 2205 207 2241 Et
228 2205 302 2241 iam
323 2204 532 2253 porticibus
552 2205 682 2241 vacuis
707 2204 866 2240 Iunonis
888 2204 992 2252 asylo

156 2269 337 2306 custodes
358 2269 448 2306 lecti
470 2269 644 2306 Phoenix
665 2276 702 2306 et
723 2269 826 2305 dirus
848 2269 981 2306 Ulixes

156 2333 340 2382 praedam
361 2333 628 2371 adservabant.
688 2335 781 2370 Huc
802 2333 973 2382 undique
995 2334 1112 2370 Troia
1131 2345 1224 2382 gaza

156 2399 322 2436 incensis
344 2406 478 2447 erepta
497 2398 633 2448 adytis,
655 2411 891 2447 mensaeque
913 2398 1088 2445 deorum,

158 2471 398 2512 crateresque
420 2475 512 2500 auro
533 2463 656 2508 solidi,
680 2464 906 2512 captivaque
928 2463 1042 2500 vestis

732 2548 776 2569 7³⁸
784 2549 855 2587 sato
871 2549 923 2577 mi.
946 2549 983 2577 R.

1502 190 1549 228 81

1500 512 1555 541 735

1499 839 1556 866 740

1500 1165 1555 1194 745

1500 1493 1556 1521 750

1499 1818 1554 1847 755

1500 2136 1555 2172 760

1502 2460 1556 2495 765
