1690 2734
104 248 107 251 ,
143 213 222 264 156
553 223 610 251 V1.
655 210 742 250 lee
773 210 932 250 Lower
963 211 1114 251 World.

84 332 91 336 ⁷
136 336 329 372 insuetum
352 347 420 383 per
440 335 510 371 iter
529 334 674 383 gelidas
696 334 823 371 enavit
844 333 894 370 ad
915 335 1065 379 Arctos,

67 390 75 399 ι
136 400 441 449 Chalcidicaque
463 400 554 437 levis
574 399 733 437 tandem
755 411 869 447 super
888 398 1032 436 adstitit
1052 411 1150 436 arce.

135 465 328 503 Redditus
351 465 407 502 his
430 465 597 513 primum
619 465 735 510 terris,
759 465 838 510 tibi,
863 464 1033 509 Phoebe,
1055 463 1215 501 sacravit

133 532 336 580 remigium
358 530 513 576 alarum,
540 531 743 578 posuitque
767 529 949 566 immania
969 529 1123 577 templa.

134 598 180 633 In
201 597 343 633 foribus
364 596 481 632 letum
506 594 701 643 Androgei
719 609 725 630 ε
760 601 840 631 tum
863 593 1033 642 pendere
1055 606 1200 642 poenas

133 661 376 710 Cecropidae
399 661 487 698 iussi
505 661 752 696 —miserum
773 662 778 695 l
795 681 846 685 —
862 666 1024 707 septena
1044 658 1248 707 quotannis

132 739 295 775 corpora
314 733 490 763 natorum
507 740 516 772 3
548 732 621 762 stat
645 724 770 761 ductis
791 724 954 761 sortibus
975 736 1079 760 urna.

132 792 277 828 Contra
297 791 395 827 elata
416 792 507 827 mari
530 789 741 838 respondet
765 789 912 826 Gnosia
933 788 1065 825 tellus:

131 856 192 892 hic
214 855 377 892 crudelis
397 868 505 892 amor
527 856 634 901 tauri,
656 861 918 904 suppostaque
940 854 1090 911 fui-tol-

132 921 328 969 Pasiphae,
353 922 635 969 mixtumqueg
615 932 744 957 <renus
752 918 960 968 prolesque
981 919 1151 955 biformis

131 987 370 1023 Minotaurus
391 987 500 1031 inest,
523 986 684 1022 Veneris
708 991 960 1022 monumenta
982 983 1199 1023 nefandae:

130 1051 191 1087 hic
211 1052 318 1088 labor
339 1051 398 1088 ille
423 1050 561 1088 domus
585 1058 622 1087 et
644 1050 914 1087 inextricabilis
935 1061 1037 1085 error
1052 1063 1061 1095 3

128 1129 310 1165 magnum
332 1118 486 1165 reginae
511 1116 579 1153 sed
602 1117 705 1152 enim
727 1116 926 1152 miseratus
949 1127 1119 1152 amorem

130 1181 324 1219 Daedalus
346 1183 426 1230 ipse
449 1182 560 1219 dolos
582 1182 673 1218 tecti
695 1181 953 1228 ambagesque
976 1180 1139 1225 resolvit,

127 1259 245 1284 caeca
264 1259 399 1295 regens
421 1247 484 1283 filo
506 1247 677 1294 vestigia.
736 1246 796 1282 Tu
818 1258 974 1293 quoque
998 1257 1176 1293 magnam

126 1319 273 1360 partem
295 1324 412 1360 opere
434 1312 472 1348 in
494 1318 613 1357 tanto,
645 1311 785 1347 sineret
806 1310 927 1355 dolor,
952 1311 1073 1355 Icare,
1095 1310 1268 1346 haberes.

127 1377 188 1413 Bis
210 1384 371 1414 conatus
393 1384 471 1413 erat
493 1389 602 1413 casus
628 1376 810 1424 effingere
831 1376 868 1411 in
892 1388 1010 1421 auro,

125 1442 181 1479 bis
202 1442 345 1490 patriae
368 1441 546 1478 cecidere
571 1454 717 1477 manus.
781 1441 883 1488 Quin
905 1441 1076 1488 protinus
1099 1441 1228 1477 onmia

124 1507 365 1555 perlegerent
386 1507 519 1551 oculis,
542 1507 580 1542 ni
603 1507 677 1542 iam
700 1507 931 1554 praemissus
954 1507 1120 1543 Achates

125 1571 284 1617 adforet,
308 1579 422 1619 atque
444 1584 520 1608 una
543 1571 690 1608 Phoebi
713 1571 939 1619 Triviaeque
963 1571 1156 1617 sacerdos,

125 1637 331 1685 Deiphobe
354 1636 503 1681 Glauci,
527 1636 624 1672 fatur
645 1648 743 1684 quae
766 1636 854 1672 talia
873 1637 951 1685 regi
969 1651 975 1673 :

124 1705 132 1720 ‘
149 1702 240 1738 Non
261 1702 336 1738 hoc
357 1701 426 1738 ista
447 1701 517 1738 sibi
540 1708 692 1749 tempus
716 1701 938 1749 spectacula
959 1702 1084 1750 poscit
1100 1715 1110 1748 3

123 1779 225 1803 nunc
246 1779 360 1815 grege
383 1766 430 1803 de
454 1767 597 1803 intacto
621 1774 770 1814 septem
795 1774 961 1803 mactare
984 1767 1167 1804 iuvencos

122 1832 360 1880 praestiterit,
383 1831 547 1868 totidem
569 1832 687 1868 lectas
709 1831 758 1868 de
783 1844 888 1868 more
910 1832 1113 1869 bidentes.’

122 1898 276 1934 Talibus
297 1897 426 1933 adfata
448 1899 608 1933 Aenean
637 1897 730 1944 (nec
755 1909 861 1933 sacra
881 1904 1076 1933 morantur

122 1963 222 1998 iussa
242 1962 347 2009 viri),
369 1963 541 1998 Teucros
566 1968 678 1998 vocat
702 1962 777 1998 alta
797 1962 834 1998 in
856 1962 999 2010 templa
1020 1961 1211 1998 sacerdos.

177 2027 360 2063 Excisum
384 2027 581 2063 Euborcae
604 2027 699 2064 latus
723 2028 857 2075 ingens
878 2027 980 2075 rupis
1002 2027 1038 2063 in
1060 2033 1222 2071 antrum,

122 2104 198 2140 quo
214 2092 278 2128 lati
299 2091 447 2128 ducunt
471 2091 595 2129 aditus
620 2099 789 2137 centum,
811 2092 908 2128 ostia
929 2098 1085 2128 centum
1103 2105 1112 2137 3

122 2157 225 2194 unde
247 2164 360 2193 ruunt
381 2157 543 2194 totidem
566 2169 694 2202 voces,
716 2169 902 2205 responsa
921 2157 1094 2205 Sibyllae.

122 2223 291 2259 Ventum
313 2228 391 2258 erat
413 2222 464 2259 ad
485 2223 614 2267 limen,
639 2234 728 2258 cum
750 2222 870 2270 virgo,
895 2222 1052 2258 Poscere
1058 2221 1154 2268 sata

122 2293 265 2336 sempus
286 2287 336 2323 ait
352 2301 362 2333 3
394 2288 497 2332 deus,
520 2300 609 2332 ecce,
633 2288 756 2323 deus!
814 2287 886 2324 Cui
907 2286 994 2323 talia
1015 2286 1107 2322 santi

122 2359 210 2389 ante
231 2353 330 2390 fores
352 2353 478 2390 subito
501 2364 581 2389 non
603 2352 738 2396 voltus,
764 2364 843 2389 non
865 2352 971 2388 color
991 2363 1100 2395 unus,

122 2432 201 2457 non
223 2425 402 2467 comptae
425 2428 600 2454 mansere
623 2428 759 2453 comae
776 2430 785 2463 3
816 2416 885 2453 sed
907 2422 1043 2464 pectus
1064 2415 1257 2461 anhelum,

124 2492 161 2522 et
180 2484 285 2521 rabie
307 2484 385 2520 fera
406 2481 525 2518 corda
545 2487 694 2517 tument
711 2495 719 2526 3
750 2481 947 2528 maiorque
968 2479 1100 2526 videri,

686 2565 713 2585 20
729 2587 738 2594 ⁴
747 2567 904 2603 Itzdrogw.
927 2567 962 2595 R.

1375 216 1536 259 [AENEm.

1499 599 1536 621 20

1495 925 1531 954 25

1490 1252 1528 1278 30

1490 1579 1526 1608 35

1487 1904 1525 1932 40

1486 2229 1522 2256 45
