<?xml version="1.0" encoding="UTF-8"?>
<!DOCTYPE html PUBLIC "-//W3C//DTD XHTML 1.0 Transitional//EN"
    "http://www.w3.org/TR/xhtml1/DTD/xhtml1-transitional.dtd">
<html xmlns="http://www.w3.org/1999/xhtml" xml:lang="en" lang="en">
 <head>
  <title>
</title>
<meta http-equiv="Content-Type" content="text/html;charset=utf-8" />
  <meta name='ocr-system' content='tesseract 3.04.00' />
  <meta name='ocr-capabilities' content='ocr_page ocr_carea ocr_par ocr_line ocrx_word'/>
</head>
<body>
  <div class='ocr_page' id='page_1' title='image "./bucolicaaeneisge00virguoft/bucolicaaeneisge00virguoft_0216.png"; bbox 0 0 1690 2734; ppageno 0'>
   <div class='ocr_carea' id='block_1_1' title="bbox 157 154 1131 211">
    <p class='ocr_par' dir='ltr' id='par_1_1' title="bbox 157 154 1131 211">
     <span class='ocr_line' id='line_1_1' title="bbox 157 154 1131 211; baseline -0.001 -11"><span class='ocrx_word' id='word_1_1' title='bbox 157 160 232 211; x_wconf 90' lang='lat'>178</span> <span class='ocrx_word' id='word_1_2' title='bbox 571 170 628 198; x_wconf 84' lang='lat' dir='ltr'>Vl.</span> <span class='ocrx_word' id='word_1_3' title='bbox 672 154 758 197; x_wconf 80' lang='lat' dir='ltr'>lee</span> <span class='ocrx_word' id='word_1_4' title='bbox 789 154 947 198; x_wconf 76' lang='lat' dir='ltr'>Lower</span> <span class='ocrx_word' id='word_1_5' title='bbox 979 155 1131 200; x_wconf 74' lang='lat' dir='ltr'>World.</span> 
     </span>
    </p>
   </div>
   <div class='ocr_carea' id='block_1_2' title="bbox 148 281 1361 2482">
    <p class='ocr_par' dir='ltr' id='par_1_2' title="bbox 151 281 1238 332">
     <span class='ocr_line' id='line_1_2' title="bbox 151 281 1238 332; baseline 0 -12"><span class='ocrx_word' id='word_1_6' title='bbox 151 283 335 332; x_wconf 90' lang='lat' dir='ltr'>egregius,</span> <span class='ocrx_word' id='word_1_7' title='bbox 358 283 387 320; x_wconf 87' lang='lat' dir='ltr'>si</span> <span class='ocrx_word' id='word_1_8' title='bbox 408 294 593 331; x_wconf 89' lang='lat' dir='ltr'>umquam</span> <span class='ocrx_word' id='word_1_9' title='bbox 614 281 855 330; x_wconf 82' lang='lat' dir='ltr'>regnandam</span> <span class='ocrx_word' id='word_1_10' title='bbox 876 283 1070 331; x_wconf 89' lang='lat' dir='ltr'>acceperit</span> <span class='ocrx_word' id='word_1_11' title='bbox 1089 283 1238 320; x_wconf 84' lang='lat' dir='ltr'><strong>Albam.</strong></span> 
     </span>
    </p>

    <p class='ocr_par' dir='ltr' id='par_1_3' title="bbox 151 348 1188 395">
     <span class='ocr_line' id='line_1_3' title="bbox 151 348 1188 395; baseline 0.001 -11"><span class='ocrx_word' id='word_1_12' title='bbox 151 348 227 395; x_wconf 84' lang='lat' dir='ltr'>Qui</span> <span class='ocrx_word' id='word_1_13' title='bbox 249 349 405 384; x_wconf 87' lang='lat' dir='ltr'>iuvenes</span> <span class='ocrx_word' id='word_1_14' title='bbox 425 350 431 384; x_wconf 72' lang='grc' dir='ltr'>ἕ</span> <span class='ocrx_word' id='word_1_15' title='bbox 491 348 665 395; x_wconf 84' lang='lat' dir='ltr'>Quantas</span> <span class='ocrx_word' id='word_1_16' title='bbox 689 353 893 393; x_wconf 84' lang='lat' dir='ltr'>ostentant,</span> <span class='ocrx_word' id='word_1_17' title='bbox 915 348 1057 395; x_wconf 82' lang='lat' dir='ltr'>aspice,</span> <span class='ocrx_word' id='word_1_18' title='bbox 1079 349 1188 395; x_wconf 84' lang='lat' dir='ltr'>vires,</span> 
     </span>
    </p>

    <p class='ocr_par' dir='ltr' id='par_1_4' title="bbox 150 412 1126 460">
     <span class='ocr_line' id='line_1_4' title="bbox 150 412 1126 460; baseline 0.001 -11"><span class='ocrx_word' id='word_1_19' title='bbox 150 420 264 460; x_wconf 89' lang='lat' dir='ltr'>atque</span> <span class='ocrx_word' id='word_1_20' title='bbox 287 414 461 449; x_wconf 87' lang='lat' dir='ltr'>umbrata</span> <span class='ocrx_word' id='word_1_21' title='bbox 481 419 618 460; x_wconf 87' lang='lat' dir='ltr'>gerunt</span> <span class='ocrx_word' id='word_1_22' title='bbox 639 412 738 448; x_wconf 91' lang='lat' dir='ltr'>civili</span> <span class='ocrx_word' id='word_1_23' title='bbox 760 420 936 460; x_wconf 84' lang='lat' dir='ltr'>tempora</span> <span class='ocrx_word' id='word_1_24' title='bbox 955 425 1100 460; x_wconf 90' lang='lat' dir='ltr'>quercu</span> <span class='ocrx_word' id='word_1_25' title='bbox 1119 416 1126 450; x_wconf 79' lang='lat'><em>1</em></span> 
     </span>
    </p>

    <p class='ocr_par' dir='ltr' id='par_1_5' title="bbox 153 477 1242 525">
     <span class='ocr_line' id='line_1_5' title="bbox 153 477 1242 525; baseline 0.001 -11"><span class='ocrx_word' id='word_1_26' title='bbox 153 479 206 514; x_wconf 91' lang='lat' dir='ltr'>Hi</span> <span class='ocrx_word' id='word_1_27' title='bbox 228 478 295 514; x_wconf 90' lang='lat' dir='ltr'>tibi</span> <span class='ocrx_word' id='word_1_28' title='bbox 318 479 559 514; x_wconf 76' lang='lat' dir='ltr'>Nomentum</span> <span class='ocrx_word' id='word_1_29' title='bbox 581 484 618 514; x_wconf 89' lang='lat' dir='ltr'>et</span> <span class='ocrx_word' id='word_1_30' title='bbox 639 477 784 515; x_wconf 80' lang='lat' dir='ltr'>Gabios</span> <span class='ocrx_word' id='word_1_31' title='bbox 806 477 1017 525; x_wconf 83' lang='lat' dir='ltr'>urbemque</span> <span class='ocrx_word' id='word_1_32' title='bbox 1040 478 1242 525; x_wconf 83' lang='lat' dir='ltr'>Fidenam,</span> 
     </span>
    </p>

    <p class='ocr_par' dir='ltr' id='par_1_6' title="bbox 151 542 1000 590">
     <span class='ocr_line' id='line_1_6' title="bbox 151 542 1000 590; baseline 0 -11"><span class='ocrx_word' id='word_1_33' title='bbox 151 543 187 579; x_wconf 88' lang='lat' dir='ltr'>hi</span> <span class='ocrx_word' id='word_1_34' title='bbox 209 543 418 580; x_wconf 87' lang='lat' dir='ltr'>Collatinas</span> <span class='ocrx_word' id='word_1_35' title='bbox 442 543 643 590; x_wconf 88' lang='lat' dir='ltr'>imponent</span> <span class='ocrx_word' id='word_1_36' title='bbox 665 542 859 579; x_wconf 86' lang='lat' dir='ltr'>montibus</span> <span class='ocrx_word' id='word_1_37' title='bbox 881 554 1000 588; x_wconf 75' lang='lat' dir='ltr'>arces,</span> 
     </span>
    </p>

    <p class='ocr_par' dir='ltr' id='par_1_7' title="bbox 151 607 1221 657">
     <span class='ocr_line' id='line_1_7' title="bbox 151 607 1221 657; baseline 0.001 -13"><span class='ocrx_word' id='word_1_38' title='bbox 151 609 347 645; x_wconf 83' lang='lat' dir='ltr'>Pometios</span> <span class='ocrx_word' id='word_1_39' title='bbox 370 608 624 655; x_wconf 79' lang='lat' dir='ltr'>Castrumque</span> <span class='ocrx_word' id='word_1_40' title='bbox 648 607 734 643; x_wconf 85' lang='lat' dir='ltr'>Inui</span> <span class='ocrx_word' id='word_1_41' title='bbox 756 607 967 655; x_wconf 83' lang='lat' dir='ltr'>Bolamque</span> <span class='ocrx_word' id='word_1_42' title='bbox 989 608 1221 657; x_wconf 86' lang='lat' dir='ltr'>Coramque.</span> 
     </span>
    </p>

    <p class='ocr_par' dir='ltr' id='par_1_8' title="bbox 152 673 1358 785">
     <span class='ocr_line' id='line_1_8' title="bbox 152 673 1358 717; baseline 0.002 -9"><span class='ocrx_word' id='word_1_43' title='bbox 152 674 264 709; x_wconf 86' lang='lat' dir='ltr'>Haec</span> <span class='ocrx_word' id='word_1_44' title='bbox 286 680 366 709; x_wconf 89' lang='lat' dir='ltr'>tum</span> <span class='ocrx_word' id='word_1_45' title='bbox 388 673 546 708; x_wconf 88' lang='lat' dir='ltr'>nomina</span> <span class='ocrx_word' id='word_1_46' title='bbox 567 679 687 717; x_wconf 86' lang='lat' dir='ltr'>erunt,</span> <span class='ocrx_word' id='word_1_47' title='bbox 710 684 813 708; x_wconf 87' lang='lat' dir='ltr'>nunc</span> <span class='ocrx_word' id='word_1_48' title='bbox 835 679 922 709; x_wconf 90' lang='lat' dir='ltr'>sunt</span> <span class='ocrx_word' id='word_1_49' title='bbox 943 673 1024 709; x_wconf 89' lang='lat' dir='ltr'>sine</span> <span class='ocrx_word' id='word_1_50' title='bbox 1046 674 1202 710; x_wconf 90' lang='lat' dir='ltr'>nomine</span> <span class='ocrx_word' id='word_1_51' title='bbox 1223 680 1358 712; x_wconf 85' lang='lat' dir='ltr'>terrae.</span> 
     </span>
     <span class='ocr_line' id='line_1_9' title="bbox 205 737 1172 785; baseline 0.001 -12"><span class='ocrx_word' id='word_1_52' title='bbox 205 744 212 756; x_wconf 75' lang='lat'>⁶</span> <span class='ocrx_word' id='word_1_53' title='bbox 229 738 332 785; x_wconf 83' lang='lat' dir='ltr'>Quin</span> <span class='ocrx_word' id='word_1_54' title='bbox 356 745 392 773; x_wconf 92' lang='lat' dir='ltr'>et</span> <span class='ocrx_word' id='word_1_55' title='bbox 413 750 484 773; x_wconf 86' lang='lat' dir='ltr'>avo</span> <span class='ocrx_word' id='word_1_56' title='bbox 507 738 692 773; x_wconf 88' lang='lat' dir='ltr'>comitem</span> <span class='ocrx_word' id='word_1_57' title='bbox 713 749 798 774; x_wconf 91' lang='lat' dir='ltr'>sese</span> <span class='ocrx_word' id='word_1_58' title='bbox 822 738 1033 774; x_wconf 83' lang='lat' dir='ltr'>Mavortius</span> <span class='ocrx_word' id='word_1_59' title='bbox 1054 737 1172 775; x_wconf 87' lang='lat' dir='ltr'>addet</span> 
     </span>
    </p>

    <p class='ocr_par' dir='ltr' id='par_1_9' title="bbox 150 802 1136 850">
     <span class='ocr_line' id='line_1_10' title="bbox 150 802 1136 850; baseline -0.001 -11"><span class='ocrx_word' id='word_1_60' title='bbox 150 803 351 847; x_wconf 80' lang='lat' dir='ltr'>Romulus,</span> <span class='ocrx_word' id='word_1_61' title='bbox 375 803 549 838; x_wconf 74' lang='lat' dir='ltr'>Assaraci</span> <span class='ocrx_word' id='word_1_62' title='bbox 570 814 686 850; x_wconf 88' lang='lat' dir='ltr'>quem</span> <span class='ocrx_word' id='word_1_63' title='bbox 707 803 902 850; x_wconf 85' lang='lat' dir='ltr'>sanguinis</span> <span class='ocrx_word' id='word_1_64' title='bbox 925 802 994 839; x_wconf 89' lang='lat' dir='ltr'>Ilia</span> <span class='ocrx_word' id='word_1_65' title='bbox 1016 810 1136 839; x_wconf 86' lang='lat' dir='ltr'>mater</span> 
     </span>
    </p>

    <p class='ocr_par' dir='ltr' id='par_1_10' title="bbox 149 867 1214 916">
     <span class='ocr_line' id='line_1_11' title="bbox 149 867 1214 916; baseline 0.001 -11"><span class='ocrx_word' id='word_1_66' title='bbox 149 869 302 905; x_wconf 85' lang='lat' dir='ltr'>educet.</span> <span class='ocrx_word' id='word_1_67' title='bbox 361 867 500 912; x_wconf 80' lang='lat' dir='ltr'>Viden,</span> <span class='ocrx_word' id='word_1_68' title='bbox 524 874 564 903; x_wconf 91' lang='lat' dir='ltr'>ut</span> <span class='ocrx_word' id='word_1_69' title='bbox 582 868 760 916; x_wconf 86' lang='lat' dir='ltr'>geminae</span> <span class='ocrx_word' id='word_1_70' title='bbox 782 876 882 904; x_wconf 83' lang='lat' dir='ltr'>stant</span> <span class='ocrx_word' id='word_1_71' title='bbox 902 868 1043 904; x_wconf 87' lang='lat' dir='ltr'>vertice</span> <span class='ocrx_word' id='word_1_72' title='bbox 1064 869 1214 915; x_wconf 84' lang='lat' dir='ltr'>cristae,</span> 
     </span>
    </p>

    <p class='ocr_par' dir='ltr' id='par_1_11' title="bbox 149 934 1144 983">
     <span class='ocr_line' id='line_1_12' title="bbox 149 934 1144 983; baseline 0.001 -13"><span class='ocrx_word' id='word_1_73' title='bbox 149 942 185 971; x_wconf 89' lang='lat' dir='ltr'>et</span> <span class='ocrx_word' id='word_1_74' title='bbox 206 941 313 982; x_wconf 87' lang='lat' dir='ltr'>pater</span> <span class='ocrx_word' id='word_1_75' title='bbox 333 935 415 982; x_wconf 83' lang='lat' dir='ltr'>ipse</span> <span class='ocrx_word' id='word_1_76' title='bbox 437 947 505 970; x_wconf 87' lang='lat' dir='ltr'>suo</span> <span class='ocrx_word' id='word_1_77' title='bbox 527 946 708 982; x_wconf 88' lang='lat' dir='ltr'>superum</span> <span class='ocrx_word' id='word_1_78' title='bbox 730 935 803 971; x_wconf 81' lang='lat' dir='ltr'>iam</span> <span class='ocrx_word' id='word_1_79' title='bbox 827 935 950 983; x_wconf 82' lang='lat' dir='ltr'>signat</span> <span class='ocrx_word' id='word_1_80' title='bbox 970 934 1144 972; x_wconf 85' lang='lat' dir='ltr'>honore?</span> 
     </span>
    </p>

    <p class='ocr_par' dir='ltr' id='par_1_12' title="bbox 151 999 1090 1047">
     <span class='ocr_line' id='line_1_13' title="bbox 151 999 1090 1047; baseline 0.002 -12"><span class='ocrx_word' id='word_1_81' title='bbox 151 1000 223 1045; x_wconf 87' lang='lat' dir='ltr'>En,</span> <span class='ocrx_word' id='word_1_82' title='bbox 246 999 369 1044; x_wconf 90' lang='lat' dir='ltr'>huius,</span> <span class='ocrx_word' id='word_1_83' title='bbox 392 1006 492 1044; x_wconf 86' lang='lat' dir='ltr'>nate,</span> <span class='ocrx_word' id='word_1_84' title='bbox 515 999 694 1047; x_wconf 81' lang='lat' dir='ltr'>auspiciis</span> <span class='ocrx_word' id='word_1_85' title='bbox 716 999 777 1035; x_wconf 83' lang='lat' dir='ltr'>illa</span> <span class='ocrx_word' id='word_1_86' title='bbox 798 1000 940 1036; x_wconf 87' lang='lat' dir='ltr'>incluta</span> <span class='ocrx_word' id='word_1_87' title='bbox 961 1001 1090 1037; x_wconf 89' lang='lat' dir='ltr'>Roma</span> 
     </span>
    </p>

    <p class='ocr_par' dir='ltr' id='par_1_13' title="bbox 148 1065 1065 1114">
     <span class='ocr_line' id='line_1_14' title="bbox 148 1065 1065 1114; baseline 0.001 -13"><span class='ocrx_word' id='word_1_88' title='bbox 148 1066 350 1113; x_wconf 88' lang='lat' dir='ltr'>imperium</span> <span class='ocrx_word' id='word_1_89' title='bbox 372 1066 489 1110; x_wconf 89' lang='lat' dir='ltr'>terris,</span> <span class='ocrx_word' id='word_1_90' title='bbox 511 1066 660 1102; x_wconf 87' lang='lat' dir='ltr'>animos</span> <span class='ocrx_word' id='word_1_91' title='bbox 682 1065 861 1112; x_wconf 79' lang='lat' dir='ltr'>aequabit</span> <span class='ocrx_word' id='word_1_92' title='bbox 883 1065 1065 1114; x_wconf 80' lang='lat' dir='ltr'>Olympo,</span> 
     </span>
    </p>

    <p class='ocr_par' dir='ltr' id='par_1_14' title="bbox 149 1129 1114 1180">
     <span class='ocr_line' id='line_1_15' title="bbox 149 1129 1114 1180; baseline 0.001 -13"><span class='ocrx_word' id='word_1_93' title='bbox 149 1139 380 1180; x_wconf 85' lang='lat' dir='ltr'>septemque</span> <span class='ocrx_word' id='word_1_94' title='bbox 401 1143 478 1167; x_wconf 89' lang='lat' dir='ltr'>una</span> <span class='ocrx_word' id='word_1_95' title='bbox 497 1130 567 1167; x_wconf 87' lang='lat' dir='ltr'>sibi</span> <span class='ocrx_word' id='word_1_96' title='bbox 588 1143 698 1166; x_wconf 90' lang='lat' dir='ltr'>muro</span> <span class='ocrx_word' id='word_1_97' title='bbox 720 1129 974 1167; x_wconf 86' lang='lat' dir='ltr'>circumdabit</span> <span class='ocrx_word' id='word_1_98' title='bbox 994 1143 1114 1178; x_wconf 90' lang='lat' dir='ltr'>arces,</span> 
     </span>
    </p>

    <p class='ocr_par' dir='ltr' id='par_1_15' title="bbox 150 1197 1078 1245">
     <span class='ocr_line' id='line_1_16' title="bbox 150 1197 1078 1245; baseline 0.001 -12"><span class='ocrx_word' id='word_1_99' title='bbox 150 1197 237 1233; x_wconf 84' lang='lat' dir='ltr'>felix</span> <span class='ocrx_word' id='word_1_100' title='bbox 259 1198 366 1245; x_wconf 91' lang='lat' dir='ltr'>prole</span> <span class='ocrx_word' id='word_1_101' title='bbox 388 1198 506 1234; x_wconf 76' lang='lat' dir='ltr'>virum</span> <span class='ocrx_word' id='word_1_102' title='bbox 526 1212 532 1233; x_wconf 93' lang='lat'>:</span> <span class='ocrx_word' id='word_1_103' title='bbox 565 1197 686 1244; x_wconf 89' lang='lat' dir='ltr'>qualis</span> <span class='ocrx_word' id='word_1_104' title='bbox 709 1198 936 1245; x_wconf 82' lang='lat' dir='ltr'>Berecyntia</span> <span class='ocrx_word' id='word_1_105' title='bbox 956 1205 1078 1234; x_wconf 90' lang='lat' dir='ltr'>mater</span> 
     </span>
    </p>

    <p class='ocr_par' dir='ltr' id='par_1_16' title="bbox 148 1263 1054 1311">
     <span class='ocr_line' id='line_1_17' title="bbox 148 1263 1054 1311; baseline 0.001 -12"><span class='ocrx_word' id='word_1_106' title='bbox 148 1263 339 1299; x_wconf 84' lang='lat' dir='ltr'>invehitur</span> <span class='ocrx_word' id='word_1_107' title='bbox 359 1276 469 1300; x_wconf 89' lang='lat' dir='ltr'>curru</span> <span class='ocrx_word' id='word_1_108' title='bbox 492 1263 672 1311; x_wconf 77' lang='lat' dir='ltr'>Phrygias</span> <span class='ocrx_word' id='word_1_109' title='bbox 692 1263 822 1299; x_wconf 88' lang='lat' dir='ltr'>turrita</span> <span class='ocrx_word' id='word_1_110' title='bbox 842 1274 911 1310; x_wconf 87' lang='lat' dir='ltr'>per</span> <span class='ocrx_word' id='word_1_111' title='bbox 930 1263 1054 1309; x_wconf 84' lang='lat' dir='ltr'>urbeS,</span> 
     </span>
    </p>

    <p class='ocr_par' dir='ltr' id='par_1_17' title="bbox 151 1329 1131 1378">
     <span class='ocr_line' id='line_1_18' title="bbox 151 1329 1131 1378; baseline 0.001 -13"><span class='ocrx_word' id='word_1_112' title='bbox 151 1329 249 1366; x_wconf 89' lang='lat' dir='ltr'>laeta</span> <span class='ocrx_word' id='word_1_113' title='bbox 270 1329 387 1367; x_wconf 86' lang='lat' dir='ltr'>deum</span> <span class='ocrx_word' id='word_1_114' title='bbox 408 1337 528 1378; x_wconf 89' lang='lat' dir='ltr'>partu,</span> <span class='ocrx_word' id='word_1_115' title='bbox 552 1337 708 1366; x_wconf 87' lang='lat' dir='ltr'>centum</span> <span class='ocrx_word' id='word_1_116' title='bbox 732 1329 937 1377; x_wconf 84' lang='lat' dir='ltr'>complexa</span> <span class='ocrx_word' id='word_1_117' title='bbox 957 1337 1131 1378; x_wconf 86' lang='lat' dir='ltr'>nepotes,</span> 
     </span>
    </p>

    <p class='ocr_par' dir='ltr' id='par_1_18' title="bbox 151 1393 1147 1442">
     <span class='ocr_line' id='line_1_19' title="bbox 151 1393 1147 1442; baseline 0 -12"><span class='ocrx_word' id='word_1_118' title='bbox 151 1406 286 1431; x_wconf 88' lang='lat' dir='ltr'>omnes</span> <span class='ocrx_word' id='word_1_119' title='bbox 308 1395 523 1439; x_wconf 82' lang='lat' dir='ltr'>caelicolas,</span> <span class='ocrx_word' id='word_1_120' title='bbox 546 1406 682 1430; x_wconf 87' lang='lat' dir='ltr'>omnes</span> <span class='ocrx_word' id='word_1_121' title='bbox 704 1405 843 1442; x_wconf 88' lang='lat' dir='ltr'>supera</span> <span class='ocrx_word' id='word_1_122' title='bbox 863 1393 938 1430; x_wconf 86' lang='lat' dir='ltr'>alta</span> <span class='ocrx_word' id='word_1_123' title='bbox 958 1400 1147 1430; x_wconf 88' lang='lat' dir='ltr'>tenentes.</span> 
     </span>
    </p>

    <p class='ocr_par' dir='ltr' id='par_1_19' title="bbox 149 1459 1361 1638">
     <span class='ocr_line' id='line_1_20' title="bbox 204 1459 1361 1509; baseline 0.001 -13"><span class='ocrx_word' id='word_1_124' title='bbox 204 1462 212 1477; x_wconf 88' lang='lat'>‘</span> <span class='ocrx_word' id='word_1_125' title='bbox 229 1460 321 1496; x_wconf 91' lang='lat' dir='ltr'>Huc</span> <span class='ocrx_word' id='word_1_126' title='bbox 341 1461 513 1508; x_wconf 83' lang='lat' dir='ltr'>geminas</span> <span class='ocrx_word' id='word_1_127' title='bbox 535 1473 638 1497; x_wconf 88' lang='lat' dir='ltr'>nunc</span> <span class='ocrx_word' id='word_1_128' title='bbox 661 1459 773 1497; x_wconf 87' lang='lat' dir='ltr'>flecte</span> <span class='ocrx_word' id='word_1_129' title='bbox 796 1460 910 1504; x_wconf 88' lang='lat' dir='ltr'>acies,</span> <span class='ocrx_word' id='word_1_130' title='bbox 933 1459 1033 1496; x_wconf 87' lang='lat' dir='ltr'>hanc</span> <span class='ocrx_word' id='word_1_131' title='bbox 1054 1460 1184 1508; x_wconf 89' lang='lat' dir='ltr'>aspice</span> <span class='ocrx_word' id='word_1_132' title='bbox 1205 1466 1361 1509; x_wconf 87' lang='lat' dir='ltr'>gentem</span> 
     </span>
     <span class='ocr_line' id='line_1_21' title="bbox 150 1525 1151 1573; baseline 0 -12"><span class='ocrx_word' id='word_1_133' title='bbox 150 1525 427 1573; x_wconf 85' lang='lat' dir='ltr'>Romanosque</span> <span class='ocrx_word' id='word_1_134' title='bbox 448 1533 546 1562; x_wconf 88' lang='lat' dir='ltr'>tuos.</span> <span class='ocrx_word' id='word_1_135' title='bbox 608 1526 686 1562; x_wconf 85' lang='lat' dir='ltr'>Hic</span> <span class='ocrx_word' id='word_1_136' title='bbox 707 1526 851 1563; x_wconf 83' lang='lat' dir='ltr'>Caesar</span> <span class='ocrx_word' id='word_1_137' title='bbox 871 1531 909 1561; x_wconf 91' lang='lat' dir='ltr'>et</span> <span class='ocrx_word' id='word_1_138' title='bbox 930 1526 1056 1562; x_wconf 90' lang='lat' dir='ltr'>omnis</span> <span class='ocrx_word' id='word_1_139' title='bbox 1078 1525 1151 1562; x_wconf 92' lang='lat' dir='ltr'>Iuli</span> 
     </span>
     <span class='ocr_line' id='line_1_22' title="bbox 149 1590 1103 1638; baseline 0 -12"><span class='ocrx_word' id='word_1_140' title='bbox 149 1591 363 1638; x_wconf 67' lang='lat' dir='ltr'>progenies,</span> <span class='ocrx_word' id='word_1_141' title='bbox 386 1603 568 1638; x_wconf 90' lang='lat' dir='ltr'>magnum</span> <span class='ocrx_word' id='word_1_142' title='bbox 590 1591 687 1627; x_wconf 91' lang='lat' dir='ltr'>caeli</span> <span class='ocrx_word' id='word_1_143' title='bbox 708 1598 867 1627; x_wconf 88' lang='lat' dir='ltr'>ventura</span> <span class='ocrx_word' id='word_1_144' title='bbox 888 1590 959 1627; x_wconf 89' lang='lat' dir='ltr'>sub</span> <span class='ocrx_word' id='word_1_145' title='bbox 980 1603 1103 1627; x_wconf 86' lang='lat' dir='ltr'>axem.</span> 
     </span>
    </p>

    <p class='ocr_par' dir='ltr' id='par_1_20' title="bbox 150 1655 1227 2028">
     <span class='ocr_line' id='line_1_23' title="bbox 153 1655 1227 1704; baseline 0.002 -13"><span class='ocrx_word' id='word_1_146' title='bbox 153 1656 230 1691; x_wconf 85' lang='lat' dir='ltr'>Hic</span> <span class='ocrx_word' id='word_1_147' title='bbox 251 1656 315 1699; x_wconf 81' lang='lat' dir='ltr'>vir,</span> <span class='ocrx_word' id='word_1_148' title='bbox 339 1655 400 1692; x_wconf 88' lang='lat' dir='ltr'>hic</span> <span class='ocrx_word' id='word_1_149' title='bbox 423 1664 490 1699; x_wconf 75' lang='lat' dir='ltr'>est,</span> <span class='ocrx_word' id='word_1_150' title='bbox 513 1656 580 1693; x_wconf 89' lang='lat' dir='ltr'>tibi</span> <span class='ocrx_word' id='word_1_151' title='bbox 602 1668 718 1704; x_wconf 88' lang='lat' dir='ltr'>quem</span> <span class='ocrx_word' id='word_1_152' title='bbox 740 1655 912 1704; x_wconf 84' lang='lat' dir='ltr'>promitti</span> <span class='ocrx_word' id='word_1_153' title='bbox 933 1656 1084 1703; x_wconf 87' lang='lat' dir='ltr'>saepius</span> <span class='ocrx_word' id='word_1_154' title='bbox 1107 1655 1227 1703; x_wconf 88' lang='lat' dir='ltr'>audis,</span> 
     </span>
     <span class='ocr_line' id='line_1_24' title="bbox 151 1720 1089 1769; baseline 0.002 -13"><span class='ocrx_word' id='word_1_155' title='bbox 151 1722 342 1768; x_wconf 76' lang='lat' dir='ltr'>Augustus</span> <span class='ocrx_word' id='word_1_156' title='bbox 364 1720 518 1765; x_wconf 82' lang='lat' dir='ltr'>Caesar,</span> <span class='ocrx_word' id='word_1_157' title='bbox 544 1721 631 1757; x_wconf 80' lang='lat' dir='ltr'>Divi</span> <span class='ocrx_word' id='word_1_158' title='bbox 653 1733 785 1769; x_wconf 84' lang='lat' dir='ltr'>genus,</span> <span class='ocrx_word' id='word_1_159' title='bbox 808 1732 923 1757; x_wconf 89' lang='lat' dir='ltr'>aurea</span> <span class='ocrx_word' id='word_1_160' title='bbox 944 1720 1089 1758; x_wconf 90' lang='lat' dir='ltr'>condet</span> 
     </span>
     <span class='ocr_line' id='line_1_25' title="bbox 150 1786 1045 1834; baseline 0 -13"><span class='ocrx_word' id='word_1_161' title='bbox 150 1786 303 1822; x_wconf 85' lang='lat' dir='ltr'>saecula</span> <span class='ocrx_word' id='word_1_162' title='bbox 324 1786 386 1833; x_wconf 88' lang='lat' dir='ltr'>qui</span> <span class='ocrx_word' id='word_1_163' title='bbox 409 1798 535 1822; x_wconf 78' lang='lat' dir='ltr'>rursus</span> <span class='ocrx_word' id='word_1_164' title='bbox 559 1786 668 1823; x_wconf 89' lang='lat' dir='ltr'>Latio</span> <span class='ocrx_word' id='word_1_165' title='bbox 689 1793 846 1834; x_wconf 86' lang='lat' dir='ltr'>regnata</span> <span class='ocrx_word' id='word_1_166' title='bbox 867 1797 936 1834; x_wconf 88' lang='lat' dir='ltr'>per</span> <span class='ocrx_word' id='word_1_167' title='bbox 956 1798 1045 1822; x_wconf 84' lang='lat' dir='ltr'>arva</span> 
     </span>
     <span class='ocr_line' id='line_1_26' title="bbox 150 1850 1217 1899; baseline 0.002 -12"><span class='ocrx_word' id='word_1_168' title='bbox 150 1850 311 1887; x_wconf 87' lang='lat' dir='ltr'>Saturno</span> <span class='ocrx_word' id='word_1_169' title='bbox 332 1850 544 1898; x_wconf 88' lang='lat' dir='ltr'>quondam,</span> <span class='ocrx_word' id='word_1_170' title='bbox 568 1862 683 1899; x_wconf 87' lang='lat' dir='ltr'>super</span> <span class='ocrx_word' id='word_1_171' title='bbox 703 1857 740 1887; x_wconf 88' lang='lat' dir='ltr'>et</span> <span class='ocrx_word' id='word_1_172' title='bbox 762 1851 1015 1888; x_wconf 86' lang='lat' dir='ltr'>Garamantas</span> <span class='ocrx_word' id='word_1_173' title='bbox 1037 1858 1073 1887; x_wconf 90' lang='lat' dir='ltr'>et</span> <span class='ocrx_word' id='word_1_174' title='bbox 1096 1850 1217 1889; x_wconf 84' lang='lat' dir='ltr'>Indos</span> 
     </span>
     <span class='ocr_line' id='line_1_27' title="bbox 150 1915 1109 1963; baseline 0.001 -12"><span class='ocrx_word' id='word_1_175' title='bbox 150 1915 315 1963; x_wconf 88' lang='lat' dir='ltr'>proferet</span> <span class='ocrx_word' id='word_1_176' title='bbox 337 1916 539 1963; x_wconf 89' lang='lat' dir='ltr'>imperium</span> <span class='ocrx_word' id='word_1_177' title='bbox 559 1930 565 1952; x_wconf 90' lang='lat'>:</span> <span class='ocrx_word' id='word_1_178' title='bbox 598 1916 697 1952; x_wconf 86' lang='lat' dir='ltr'>iacet</span> <span class='ocrx_word' id='word_1_179' title='bbox 719 1923 823 1952; x_wconf 86' lang='lat' dir='ltr'>extra</span> <span class='ocrx_word' id='word_1_180' title='bbox 844 1915 967 1952; x_wconf 87' lang='lat' dir='ltr'>sidera</span> <span class='ocrx_word' id='word_1_181' title='bbox 988 1915 1109 1961; x_wconf 87' lang='lat' dir='ltr'>tellus,</span> 
     </span>
     <span class='ocr_line' id='line_1_28' title="bbox 150 1980 1051 2028; baseline 0.001 -12"><span class='ocrx_word' id='word_1_182' title='bbox 150 1988 253 2016; x_wconf 79' lang='lat' dir='ltr'>extra</span> <span class='ocrx_word' id='word_1_183' title='bbox 275 1980 364 2016; x_wconf 85' lang='lat' dir='ltr'>anui</span> <span class='ocrx_word' id='word_1_184' title='bbox 386 1980 551 2028; x_wconf 83' lang='lat' dir='ltr'>solisque</span> <span class='ocrx_word' id='word_1_185' title='bbox 572 1980 663 2025; x_wconf 79' lang='lat' dir='ltr'>vias,</span> <span class='ocrx_word' id='word_1_186' title='bbox 686 1981 750 2017; x_wconf 89' lang='lat' dir='ltr'>ubi</span> <span class='ocrx_word' id='word_1_187' title='bbox 773 1980 926 2016; x_wconf 89' lang='lat' dir='ltr'>caelifer</span> <span class='ocrx_word' id='word_1_188' title='bbox 949 1980 1051 2017; x_wconf 78' lang='lat' dir='ltr'>Atlas</span> 
     </span>
    </p>

    <p class='ocr_par' dir='ltr' id='par_1_21' title="bbox 149 2044 1204 2222">
     <span class='ocr_line' id='line_1_29' title="bbox 153 2044 1204 2094; baseline 0.003 -15"><span class='ocrx_word' id='word_1_189' title='bbox 153 2056 263 2079; x_wconf 84' lang='lat' dir='ltr'>axem</span> <span class='ocrx_word' id='word_1_190' title='bbox 302 2056 435 2080; x_wconf 87' lang='lat' dir='ltr'>umero</span> <span class='ocrx_word' id='word_1_191' title='bbox 465 2052 618 2093; x_wconf 86' lang='lat' dir='ltr'>torquet</span> <span class='ocrx_word' id='word_1_192' title='bbox 638 2045 753 2081; x_wconf 88' lang='lat' dir='ltr'>stellis</span> <span class='ocrx_word' id='word_1_193' title='bbox 775 2044 995 2081; x_wconf 84' lang='lat' dir='ltr'>ardentibus</span> <span class='ocrx_word' id='word_1_194' title='bbox 1015 2051 1158 2094; x_wconf 87' lang='lat' dir='ltr'>aptum.</span> <span class='ocrx_word' id='word_1_195' title='bbox 1199 2086 1204 2088; x_wconf 86' lang='lat'><em>.</em></span> 
     </span>
     <span class='ocr_line' id='line_1_30' title="bbox 152 2108 1147 2158; baseline 0.001 -13"><span class='ocrx_word' id='word_1_196' title='bbox 152 2110 278 2146; x_wconf 88' lang='lat' dir='ltr'>Huius</span> <span class='ocrx_word' id='word_1_197' title='bbox 300 2110 334 2145; x_wconf 84' lang='lat' dir='ltr'>in</span> <span class='ocrx_word' id='word_1_198' title='bbox 358 2108 565 2146; x_wconf 85' lang='lat' dir='ltr'>adventum</span> <span class='ocrx_word' id='word_1_199' title='bbox 588 2111 662 2146; x_wconf 87' lang='lat' dir='ltr'>iam</span> <span class='ocrx_word' id='word_1_200' title='bbox 684 2122 786 2146; x_wconf 88' lang='lat' dir='ltr'>nunc</span> <span class='ocrx_word' id='word_1_201' title='bbox 808 2117 846 2146; x_wconf 92' lang='lat' dir='ltr'>et</span> <span class='ocrx_word' id='word_1_202' title='bbox 867 2110 1009 2158; x_wconf 84' lang='lat' dir='ltr'>Caspia</span> <span class='ocrx_word' id='word_1_203' title='bbox 1028 2122 1147 2158; x_wconf 89' lang='lat' dir='ltr'>regna</span> 
     </span>
     <span class='ocr_line' id='line_1_31' title="bbox 149 2174 1064 2222; baseline 0 -11"><span class='ocrx_word' id='word_1_204' title='bbox 149 2174 341 2222; x_wconf 84' lang='lat' dir='ltr'>responsis</span> <span class='ocrx_word' id='word_1_205' title='bbox 363 2174 518 2211; x_wconf 86' lang='lat' dir='ltr'>horrent</span> <span class='ocrx_word' id='word_1_206' title='bbox 539 2174 670 2212; x_wconf 82' lang='lat' dir='ltr'>divom</span> <span class='ocrx_word' id='word_1_207' title='bbox 693 2182 729 2211; x_wconf 90' lang='lat' dir='ltr'>et</span> <span class='ocrx_word' id='word_1_208' title='bbox 753 2175 922 2211; x_wconf 79' lang='lat' dir='ltr'>Maeotia</span> <span class='ocrx_word' id='word_1_209' title='bbox 942 2175 1064 2219; x_wconf 81' lang='lat' dir='ltr'>tellus,</span> 
     </span>
    </p>

    <p class='ocr_par' dir='ltr' id='par_1_22' title="bbox 151 2239 1078 2288">
     <span class='ocr_line' id='line_1_32' title="bbox 151 2239 1078 2288; baseline 0.001 -13"><span class='ocrx_word' id='word_1_210' title='bbox 151 2247 188 2276; x_wconf 92' lang='lat' dir='ltr'>et</span> <span class='ocrx_word' id='word_1_211' title='bbox 209 2239 504 2287; x_wconf 84' lang='lat' dir='ltr'>septemgemini</span> <span class='ocrx_word' id='word_1_212' title='bbox 527 2239 677 2275; x_wconf 89' lang='lat' dir='ltr'>turbant</span> <span class='ocrx_word' id='word_1_213' title='bbox 700 2239 850 2288; x_wconf 85' lang='lat' dir='ltr'>trepida</span> <span class='ocrx_word' id='word_1_214' title='bbox 870 2239 967 2276; x_wconf 90' lang='lat' dir='ltr'>ostia</span> <span class='ocrx_word' id='word_1_215' title='bbox 988 2239 1078 2277; x_wconf 80' lang='lat' dir='ltr'>Nili.</span> 
     </span>
    </p>

    <p class='ocr_par' dir='ltr' id='par_1_23' title="bbox 151 2303 1007 2347">
     <span class='ocr_line' id='line_1_33' title="bbox 151 2303 1007 2347; baseline -0.001 -6"><span class='ocrx_word' id='word_1_216' title='bbox 151 2305 237 2341; x_wconf 89' lang='lat' dir='ltr'>Nec</span> <span class='ocrx_word' id='word_1_217' title='bbox 258 2316 347 2340; x_wconf 81' lang='lat' dir='ltr'>vero</span> <span class='ocrx_word' id='word_1_218' title='bbox 370 2303 524 2340; x_wconf 73' lang='lat' dir='ltr'>Alcides</span> <span class='ocrx_word' id='word_1_219' title='bbox 546 2310 693 2340; x_wconf 84' lang='lat' dir='ltr'>tantum</span> <span class='ocrx_word' id='word_1_220' title='bbox 715 2304 857 2341; x_wconf 91' lang='lat' dir='ltr'>telluris</span> <span class='ocrx_word' id='word_1_221' title='bbox 878 2304 1007 2347; x_wconf 70' lang='lat' dir='ltr'>obivit,</span> 
     </span>
    </p>

    <p class='ocr_par' dir='ltr' id='par_1_24' title="bbox 150 2368 1143 2482">
     <span class='ocr_line' id='line_1_34' title="bbox 150 2368 1141 2417; baseline 0.001 -13"><span class='ocrx_word' id='word_1_222' title='bbox 150 2369 269 2405; x_wconf 77' lang='lat' dir='ltr'>fixerit</span> <span class='ocrx_word' id='word_1_223' title='bbox 292 2368 513 2416; x_wconf 85' lang='lat' dir='ltr'>aeripedem</span> <span class='ocrx_word' id='word_1_224' title='bbox 536 2380 687 2404; x_wconf 79' lang='lat' dir='ltr'>cervam</span> <span class='ocrx_word' id='word_1_225' title='bbox 708 2368 808 2413; x_wconf 87' lang='lat' dir='ltr'>licet,</span> <span class='ocrx_word' id='word_1_226' title='bbox 831 2375 894 2404; x_wconf 90' lang='lat' dir='ltr'>aut</span> <span class='ocrx_word' id='word_1_227' title='bbox 916 2368 1141 2417; x_wconf 84' lang='lat' dir='ltr'>Erymanthi</span> 
     </span>
     <span class='ocr_line' id='line_1_35' title="bbox 150 2432 1143 2482; baseline 0 -13"><span class='ocrx_word' id='word_1_228' title='bbox 150 2434 292 2482; x_wconf 83' lang='lat' dir='ltr'>pacarit</span> <span class='ocrx_word' id='word_1_229' title='bbox 314 2445 484 2479; x_wconf 88' lang='lat' dir='ltr'>nemora,</span> <span class='ocrx_word' id='word_1_230' title='bbox 506 2439 544 2469; x_wconf 93' lang='lat' dir='ltr'>et</span> <span class='ocrx_word' id='word_1_231' title='bbox 565 2433 729 2469; x_wconf 89' lang='lat' dir='ltr'>Lernam</span> <span class='ocrx_word' id='word_1_232' title='bbox 751 2432 1006 2469; x_wconf 88' lang='lat' dir='ltr'>tremefecerit</span> <span class='ocrx_word' id='word_1_233' title='bbox 1027 2445 1115 2469; x_wconf 86' lang='lat' dir='ltr'>arcu</span> <span class='ocrx_word' id='word_1_234' title='bbox 1134 2447 1143 2479; x_wconf 85' lang='lat'>;</span> 
     </span>
    </p>
   </div>
   <div class='ocr_carea' id='block_1_3' title="bbox 1387 163 1546 205">
    <p class='ocr_par' dir='ltr' id='par_1_25' title="bbox 1387 163 1546 205">
     <span class='ocr_line' id='line_1_36' title="bbox 1387 163 1546 205; baseline 0.006 -7"><span class='ocrx_word' id='word_1_235' title='bbox 1387 163 1546 205; x_wconf 80' lang='lat' dir='ltr'>[AENEm.</span> 
     </span>
    </p>
   </div>
   <div class='ocr_carea' id='block_1_4' title="bbox 1491 291 1548 319">
    <p class='ocr_par' dir='ltr' id='par_1_26' title="bbox 1491 291 1548 319">
     <span class='ocr_line' id='line_1_37' title="bbox 1491 291 1548 319; baseline 0 0"><span class='ocrx_word' id='word_1_236' title='bbox 1491 291 1548 319; x_wconf 91' lang='lat'>770</span> 
     </span>
    </p>
   </div>
   <div class='ocr_carea' id='block_1_5' title="bbox 1492 616 1546 645">
    <p class='ocr_par' dir='ltr' id='par_1_27' title="bbox 1492 616 1546 645">
     <span class='ocr_line' id='line_1_38' title="bbox 1492 616 1546 645; baseline 0 0"><span class='ocrx_word' id='word_1_237' title='bbox 1492 616 1546 645; x_wconf 77' lang='lat'>775</span> 
     </span>
    </p>
   </div>
   <div class='ocr_carea' id='block_1_6' title="bbox 1491 934 1548 971">
    <p class='ocr_par' dir='ltr' id='par_1_28' title="bbox 1491 934 1548 971">
     <span class='ocr_line' id='line_1_39' title="bbox 1491 934 1548 971; baseline 0 -9"><span class='ocrx_word' id='word_1_238' title='bbox 1491 934 1548 971; x_wconf 86' lang='lat'>780</span> 
     </span>
    </p>
   </div>
   <div class='ocr_carea' id='block_1_7' title="bbox 1491 1263 1546 1300">
    <p class='ocr_par' dir='ltr' id='par_1_29' title="bbox 1491 1263 1546 1300">
     <span class='ocr_line' id='line_1_40' title="bbox 1491 1263 1546 1300; baseline 0 0"><span class='ocrx_word' id='word_1_239' title='bbox 1491 1263 1546 1300; x_wconf 82' lang='lat'>785</span> 
     </span>
    </p>
   </div>
   <div class='ocr_carea' id='block_1_8' title="bbox 1491 1598 1548 1626">
    <p class='ocr_par' dir='ltr' id='par_1_30' title="bbox 1491 1598 1548 1626">
     <span class='ocr_line' id='line_1_41' title="bbox 1491 1598 1548 1626; baseline 0 0"><span class='ocrx_word' id='word_1_240' title='bbox 1491 1598 1548 1626; x_wconf 89' lang='lat'>790</span> 
     </span>
    </p>
   </div>
   <div class='ocr_carea' id='block_1_9' title="bbox 1491 1923 1546 1951">
    <p class='ocr_par' dir='ltr' id='par_1_31' title="bbox 1491 1923 1546 1951">
     <span class='ocr_line' id='line_1_42' title="bbox 1491 1923 1546 1951; baseline 0 0"><span class='ocrx_word' id='word_1_241' title='bbox 1491 1923 1546 1951; x_wconf 87' lang='grc'>795</span> 
     </span>
    </p>
   </div>
   <div class='ocr_carea' id='block_1_10' title="bbox 1491 2215 1547 2265">
    <p class='ocr_par' dir='ltr' id='par_1_32' title="bbox 1491 2215 1547 2265">
     <span class='ocr_line' id='line_1_43' title="bbox 1491 2215 1547 2265; baseline 0 0"><span class='ocrx_word' id='word_1_242' title='bbox 1491 2215 1547 2265; x_wconf 77' lang='grc' dir='ltr'>8οᾷ</span> 
     </span>
    </p>
   </div>
   <div class='ocr_carea' id='block_1_11' title="bbox 226 2516 1460 2556">
    <p class='ocr_par' dir='ltr' id='par_1_33' title="bbox 226 2516 1460 2556">
     <span class='ocr_line' id='line_1_44' title="bbox 226 2516 1460 2556; baseline 0.001 -10"><span class='ocrx_word' id='word_1_243' title='bbox 226 2518 269 2539; x_wconf 75' lang='grc'>772</span> <span class='ocrx_word' id='word_1_244' title='bbox 283 2519 390 2556; x_wconf 77' lang='lat' dir='ltr'>atqui.</span> <span class='ocrx_word' id='word_1_245' title='bbox 414 2519 455 2547; x_wconf 92' lang='lat' dir='ltr'>H.</span> <span class='ocrx_word' id='word_1_246' title='bbox 534 2517 577 2538; x_wconf 78' lang='lat'>775</span> <span class='ocrx_word' id='word_1_247' title='bbox 594 2518 740 2554; x_wconf 81' lang='lat' dir='ltr'>Rejected</span> <span class='ocrx_word' id='word_1_248' title='bbox 755 2518 796 2554; x_wconf 91' lang='lat' dir='ltr'>by</span> <span class='ocrx_word' id='word_1_249' title='bbox 812 2518 855 2547; x_wconf 92' lang='lat' dir='ltr'>H.</span> <span class='ocrx_word' id='word_1_250' title='bbox 933 2516 974 2538; x_wconf 81' lang='lat'>787</span> <span class='ocrx_word' id='word_1_251' title='bbox 988 2523 1087 2555; x_wconf 78' lang='lat' dir='ltr'>super.</span> <span class='ocrx_word' id='word_1_252' title='bbox 1109 2519 1146 2548; x_wconf 89' lang='lat' dir='ltr'>R.</span> <span class='ocrx_word' id='word_1_253' title='bbox 1224 2519 1266 2539; x_wconf 71' lang='lat'>⁷9⁶</span> <span class='ocrx_word' id='word_1_254' title='bbox 1281 2518 1401 2547; x_wconf 72' lang='lat' dir='ltr'>Atlans.</span> <span class='ocrx_word' id='word_1_255' title='bbox 1423 2518 1460 2547; x_wconf 85' lang='lat' dir='ltr'>R.</span> 
     </span>
    </p>
   </div>
  </div>
 </body>
</html>
