1690 2734
121 192 173 241 78
556 201 600 230 11.
638 189 725 228 lee
756 188 858 227 Fall
885 188 938 240 of
968 187 1087 239 Troy.

119 320 157 350 et
177 312 404 350 tremefacta
423 324 577 349 comam
598 322 789 348 concusso
809 309 950 346 vertice
972 315 1097 358 nutat,

118 378 336 416 volneribus
358 377 485 414 donec
508 376 690 425 paulatim
713 375 848 420 evicta,
870 386 1097 423 supremum

97 435 355 492 kongemuit,
379 442 566 489 traxitque
588 441 683 489 iugis
706 440 834 477 avolsa
853 440 1018 479 ruinam.

121 508 344 554 Descendo,
367 520 411 544 ac
433 506 602 543 ducente
624 505 700 542 deo
724 505 915 541 flammam
938 505 1040 544 inter
1059 514 1097 544 et
1119 507 1237 544 hostis

119 574 305 623 expedior
322 588 330 620 3
362 573 456 609 dant
476 571 550 607 tela
571 571 713 615 locum,
736 570 994 620 flammaeque
1015 571 1216 609 recedunt,

171 641 298 687 Atque
320 639 384 676 ubi
405 639 481 675 iam
503 636 647 685 patriae
671 642 898 683 perventum
916 637 974 673 'ad
995 637 1126 673 limina
1146 637 1249 674 sedis

119 705 372 752 antiquasque
394 703 545 747 domos,
568 701 728 749 genitor,
753 712 874 747 quem
895 702 1026 738 tollere
1048 702 1086 738 in
1107 702 1202 738 altos

119 770 302 818 optabam
323 770 488 818 primum
511 766 651 804 montis
674 765 922 815 primumque
943 767 1138 815 petebam,

118 836 284 883 abnegat
306 834 435 871 excisa
454 834 569 870 vitam
591 831 811 883 producere
834 832 950 869 Troia

119 900 371 948 exsiliumque
392 900 485 947 pati..
546 901 649 936 '‘Vos
674 900 721 945 O,
745 898 883 947 quibus
905 898 1052 945 integer
1073 897 1155 934 aevi

121 965 301 1014 sanguis‚’
323 966 374 1002 ait
397 968 405 984 ‘
420 965 644 1013 solidaeque
668 977 738 1002 suo
762 970 863 1001 stant
883 963 1019 1000 robore
1040 962 1148 1008 vires,

122 1044 188 1068 vos
209 1032 349 1079 agitate
371 1031 498 1079 fugam
517 1045 523 1067 :

124 1109 184 1133 me
206 1097 235 1132 si
257 1096 464 1133 caelicolae
487 1095 696 1132 voluissent
720 1095 864 1132 ducere
885 1096 1013 1140 vitam,

123 1162 189 1198 has
211 1161 302 1198 mihi
324 1168 537 1198 servassent
558 1161 683 1199 sedes.
745 1162 840 1198 Satis
863 1173 939 1197 una
959 1172 1151 1208 superque

121 1226 480 1265 vidimus'exscidia
500 1233 538 1263 et
558 1233 695 1274 captae
718 1226 982 1274 superavimus
1005 1226 1099 1263 urbi.

123 1292 183 1328 Sic
205 1292 251 1337 O,
275 1292 328 1328 sic
350 1292 517 1339 positum
538 1291 655 1328 adfati
678 1291 867 1328 discedite
890 1304 1040 1340 corpus.

124 1358 211 1404 Ipse
233 1369 349 1393 manu
371 1363 534 1393 mortem
556 1357 747 1393 inveniam
764 1371 772 1402 ;
804 1357 1043 1393 miserebitur
1064 1356 1182 1393 hostis

122 1422 355 1469 exuviasque
378 1428 509 1469 petet3
539 1421 658 1458 facilis
681 1422 825 1458 iactura
846 1422 1022 1470 sepulcri.

123 1487 205 1522 Iam
227 1485 378 1534 pridem
400 1486 540 1522 invisus
562 1485 658 1523 divis
681 1493 718 1522 et
738 1486 879 1524 inutilis
901 1499 1023 1523 annos

122 1551 313 1596 demoror,
337 1563 384 1587 ex
404 1563 481 1599 quo
504 1563 565 1587 me
587 1551 718 1587 divom
741 1558 848 1599 pater
868 1559 982 1600 atque
1005 1552 1205 1588 bominum
1227 1563 1293 1588 rex

121 1616 287 1653 fulminis
308 1615 462 1653 adflavit
482 1616 604 1653 ventis
626 1623 663 1652 et
685 1617 844 1664 contigit
866 1617 968 1665 igni.'

175 1682 283 1718 Talia
303 1682 495 1729 perstabat
518 1693 749 1727 memorans,
773 1681 947 1730 fixusque
970 1682 1161 1718 manebat.
1224 1730 1229 1736 .

124 1748 205 1784 Nos
227 1753 362 1783 contra
383 1747 490 1783 effusi
512 1747 687 1792 lacrimis,
713 1747 960 1795 coniunxque
983 1747 1129 1784 Cresisa
1142 1718 1286 1791 “45⁹⁸ss

122 1812 386 1860 Ascaniusque
409 1812 611 1860 omnisque
633 1811 784 1857 domus,
807 1824 855 1848 ne
877 1819 1023 1848 vertere
1045 1824 1177 1848 secum

122 1884 262 1913 cuncta
284 1884 392 1925 pater
412 1878 567 1925 fatoque
591 1878 767 1925 urguenti
791 1878 1015 1914 incumbere
1037 1878 1160 1913 vellet.

122 1942 309 1989 Abnegat,
331 1943 566 1990 inceptoque
589 1950 625 1979 et
648 1942 804 1979 sedibus
827 1942 956 1978 haeret
978 1943 1015 1978 in
1038 1942 1172 1978 isdem.

123 2007 266 2043 Rursus
287 2007 324 2043 in
346 2019 452 2043 arma
472 2007 582 2052 feror,
605 2015 847 2055 mortemque
871 2007 1099 2043 miserrimus
1121 2013 1214 2054 opto
1232 2021 1238 2042 :

122 2084 210 2108 nam
232 2071 339 2120 quod
361 2073 561 2109 consilium
584 2079 647 2109 aut
668 2085 767 2121 quae
789 2073 863 2112 iam
886 2072 1036 2108 fortuna
1056 2071 1244 2108 dabatur?

123 2140 131 2154 ⁴
151 2138 267 2173 Mene
290 2137 422 2173 efferre
445 2137 598 2186 pedem,
622 2138 782 2185 genitor,
805 2144 841 2173 te
864 2149 977 2185 posse
1000 2136 1132 2172 relicto

123 2202 292 2249 sperasti,
315 2208 541 2251 tantumque
564 2203 669 2239 nefas
691 2202 813 2250 patrio
836 2201 980 2238 excidit
1001 2201 1094 2238 ore?

122 2267 159 2304 Si
179 2267 270 2303 nibil
292 2279 339 2303 ex
359 2274 464 2304 tanta
486 2268 638 2316 Superis
660 2267 786 2315 placet
807 2267 899 2303 urbe
920 2266 1094 2314 relinqui,

123 2338 160 2368 et
181 2331 289 2368 sedet
311 2332 384 2369 hoc
408 2333 548 2377 animo,
571 2332 837 2380 perituraeque
861 2331 1006 2368 addere
1027 2331 1166 2368 Troiae

123 2404 236 2444 teque
258 2404 421 2445 tuosque
443 2397 556 2441 iuvat,
578 2403 682 2444 patet
703 2397 760 2433 isti
782 2397 895 2433 ianua
915 2397 1004 2442 leto,

124 2462 275 2510 iamque
297 2461 420 2498 aderit
442 2462 561 2498 multo
584 2461 722 2497 Priami
743 2461 791 2497 de
813 2461 998 2509 sanguine
1021 2461 1195 2510 Pyrrhus,

125 2532 255 2562 natum
286 2532 374 2562 ante
405 2537 471 2561 ora
498 2526 625 2574 patris,
648 2532 798 2573 patrem
819 2526 884 2573 qui
904 2526 1108 2563 obtruncat
1128 2525 1178 2562 ad
1198 2538 1291 2563 aras.

1365 195 1525 236 [AENEm.

1468 377 1526 412 630

1470 1027 1526 1062 640

1469 1679 1526 1715 650

1467 2328 1524 2356 660
