1690 2734
134 137 161 177 6
626 138 840 179 Pastoral
865 137 1035 182 Poems.
1382 148 1530 190 [BUCOL.

134 260 314 309 capreoli,
336 260 473 310 sparsis
495 261 734 298 etiamnunc
754 262 916 310 pellibus
937 263 1036 310 albo,

134 325 223 362 bina
244 325 306 362 die
328 326 474 362 siccant
494 327 574 363 ovis
594 326 713 363 ubera
728 340 738 373 ;
769 339 866 375 quos
886 327 954 365 tibi
974 340 1083 366 servo
1101 343 1107 366 :

133 390 208 426 iam
230 390 380 438 pridem
401 403 423 427 a
443 403 505 427 me
526 391 608 427 illos
629 391 824 428 abducere
844 392 1035 441 Thestylis
1056 400 1138 430 orat
1153 407 1163 440 3

133 461 171 491 et
187 455 312 501 faciet,
335 456 519 504 quoniam
540 455 698 493 sordent
718 457 786 493 tibi
807 469 967 494 munera
985 464 1125 495 nostra.

188 521 281 556 Huc
302 520 407 565 ades,
431 520 466 557 O
488 521 654 557 formose
675 533 795 569 puer:
827 521 895 559 tibi
915 522 990 559 lilia
1009 522 1130 571 plenis

134 597 226 621 ecce
248 585 373 621 ferunt
396 585 601 633 Nymphae
624 586 782 623 calathis
798 600 808 632 ;
839 586 907 624 tibi
928 586 1097 624 candida
1117 588 1223 633 Nais,

132 650 307 697 pallentis
328 650 447 686 violas
470 656 506 686 et
528 662 679 686 summa
698 663 891 698 papavera
912 663 1085 699 carpens,

133 714 344 751 narcissum
366 721 402 751 et
424 714 556 751 florem
578 715 698 763 iungit
718 715 819 752 bene
841 716 977 752 olentis
998 716 1152 763 anethi,

133 785 214 815 tum
236 779 338 816 casia
357 786 472 827 atque
494 780 575 816 aliis
597 780 771 816 intexens
793 780 970 817 suavibus
993 780 1131 827 herbis,

133 844 263 880 mollia
282 844 423 881 luteola
443 845 565 893 pingit
585 845 759 881 vaccinia
780 846 890 882 calta.

188 910 277 957 Ipse
299 921 372 957 ego
394 921 492 946 cana
511 909 636 958 legam
658 916 789 946 tenera
808 910 986 958 lanugine
1008 911 1117 956 mala,

133 980 410 1022 castaneasque
431 986 563 1020 nuces,
585 987 673 1011 mea
693 986 788 1022 quas
809 975 1007 1023 Amaryllis
1028 976 1180 1012 amabat
1196 989 1206 1022 3

133 1038 276 1075 addam
298 1051 411 1075 cerea
430 1051 576 1087 pruna:
608 1039 733 1076 honos
754 1040 822 1076 erit
842 1039 930 1076 huic
952 1052 1107 1088 quoque
1128 1052 1246 1088 pomo
1264 1054 1274 1086 ;

134 1110 172 1140 et
192 1116 271 1149 vos,
295 1104 330 1141 O
352 1104 456 1149 lauri,
480 1116 649 1153 carpam,
671 1111 708 1141 et
729 1111 777 1150 te,
800 1105 974 1153 proxima
995 1111 1128 1153 myrte,

134 1169 188 1206 sic
209 1169 358 1217 positae
379 1169 563 1217 quoniam
585 1170 708 1206 suavis
730 1170 898 1207 miscetis
920 1169 1071 1207 odores.

188 1234 370 1271 Rusticus
392 1246 443 1280 es,
467 1233 650 1283 Corydon
670 1249 676 1271 :
709 1247 782 1271 nec
802 1247 961 1271 munera
982 1240 1087 1271 curat
1108 1234 1247 1281 Alexis,

133 1311 219 1344 nec,
241 1299 270 1335 si
291 1299 512 1336 muneribus
534 1305 667 1345 certes,
690 1299 882 1336 concedat
904 1299 1029 1337 Iollas.

135 1364 239 1409 Heu,
262 1363 349 1409 heu,
372 1363 466 1412 quid
487 1364 588 1401 volui
609 1364 749 1400 misero
771 1364 863 1400 mihi
883 1366 889 1401 l
948 1364 1121 1401 Floribus
1142 1371 1312 1401 austrum

135 1428 306 1478 perditus
329 1435 367 1465 et
387 1428 541 1477 liquidis
563 1429 689 1465 inmisi
710 1429 877 1465 fontibus
897 1441 1022 1477 apros.

189 1494 317 1541 Quem
338 1494 446 1542 fugis,
470 1494 529 1540 ah,
553 1493 743 1530 demens?
800 1494 1033 1530 Habitarunt
1054 1493 1093 1530 di
1114 1505 1269 1542 quoque
1290 1494 1412 1540 silvas,

134 1559 431 1607 Dardaniusque
456 1559 571 1596 Paris.
631 1559 764 1603 Pallas,
786 1571 880 1607 quas
902 1558 1079 1595 condidit
1099 1571 1218 1604 arces,

133 1624 216 1672 ipsa
236 1625 362 1670 colat;
394 1624 504 1661 nobis
526 1624 703 1672 placeant
724 1630 811 1660 ante
833 1623 963 1660 omnia
983 1624 1110 1660 silvae.

132 1690 259 1726 Torva
278 1689 413 1726 leaena
432 1690 565 1737 lupum
587 1689 757 1737 sequitur
772 1703 781 1735 ;
813 1689 923 1737 lupus
945 1689 1026 1736 ipse
1048 1688 1236 1736 capellam
1252 1702 1262 1735 ;

133 1754 334 1790 florentem
355 1754 517 1802 cytisum
539 1754 710 1802 sequitur
729 1754 870 1790 lasciva
889 1753 1037 1801 capella
1051 1767 1061 1800 3

132 1825 170 1856 te
192 1818 388 1867 Corydon,
411 1831 434 1855 o
456 1819 589 1855 Alexi:
622 1819 734 1855 trahit
754 1831 822 1856 sua
842 1830 1036 1867 quemque
1057 1818 1244 1866 voluptas.

186 1884 340 1932 Aspice,
361 1891 482 1920 aratra
502 1885 592 1933 iugo
612 1884 779 1920 referunt
800 1895 987 1932 suspensa
1005 1883 1169 1929 iuvenci,

134 1955 171 1985 et
191 1949 247 1985 sol
267 1949 474 1985 crescentis
496 1948 692 1986 decedens
715 1949 885 1997 duplicat
905 1949 1059 1985 umbras
1076 1962 1083 1985 ε

132 2026 194 2050 me
216 2020 346 2050 tamen
367 2014 439 2050 urit
459 2026 567 2051 amor
582 2028 591 2060 3
622 2014 706 2062 quis
728 2014 830 2050 enim
851 2012 991 2050 modus
1012 2012 1113 2049 adsit
1132 2013 1281 2068 amori?

132 2079 205 2125 Ah,
228 2078 425 2127 Corydon,
447 2078 643 2127 Corydon,
666 2090 763 2127 quae
785 2085 822 2115 te
844 2077 1042 2115 dementia
1063 2077 1166 2126 cepit
1186 2079 1192 2115 l

132 2144 370 2192 Semiputata
389 2144 456 2180 tibi
477 2143 658 2180 frondosa
673 2143 756 2180 vitis
777 2143 814 2179 in
835 2143 940 2179 ulmo
962 2149 1019 2179 est
1035 2156 1044 2189 ;

132 2209 225 2257 quin
246 2215 285 2245 tu
307 2208 449 2256 aliquid
470 2208 603 2245 saltem
624 2208 763 2256 potius,
786 2219 950 2255 quorum
971 2207 1118 2256 indiget
1137 2219 1240 2254 usus,

130 2273 335 2310 viminibus
356 2273 537 2321 mollique
558 2285 667 2321 paras
688 2272 867 2309 detexere
889 2272 1034 2309 iunco?

133 2338 312 2375 Invenies
332 2337 459 2384 alium,
481 2337 512 2374 si
531 2344 568 2374 te
589 2337 651 2374 hic
672 2336 825 2384 fastidit,
847 2337 1010 2374 Alexim.

418 2471 446 2492 50
463 2472 575 2501 caltha.
608 2472 650 2502 H.
968 2470 999 2491 54
1005 2475 1174 2508 proxuma.
1206 2471 1243 2501 R.

1495 531 1531 560 45

1496 854 1533 883 50

1497 1178 1533 1206 55

1494 1503 1532 1530 60

1495 2150 1532 2177 70
