1690 2734
132 212 190 242 1V.
209 211 299 252 598.]
500 202 674 242 AEneas
708 201 868 254 Speeds
900 201 969 240 lais
1002 201 1160 254 Flzglct.

133 329 223 365 Non
244 327 340 375 fugis
362 327 451 364 hinc
472 337 671 375 praeceps,
694 324 787 362 dum
808 324 1062 373 praecipitare
1085 324 1283 372 potestas?

133 394 215 429 Iam
238 404 340 428 mare
362 392 502 429 turbari
524 391 704 436 trabibus,
726 401 935 437 saevasque
958 388 1104 425 videbis

131 458 335 494 conlucere
357 457 473 501 faces,
496 457 570 492 iam
592 456 737 492 fervere
760 455 868 491 litora
888 453 1063 498 flammis,

130 523 160 559 si
181 530 217 559 te
240 523 296 559 his
317 522 482 570 attigerit
502 521 607 557 terris
628 522 775 556 Aurora
795 526 1022 556 morantem.

131 588 234 624 Heia
254 600 336 636 age,
358 598 493 634 rumpe
516 597 654 622 moras.
712 585 869 621 Varium
892 590 929 620 et
950 583 1131 620 mutabile
1154 595 1306 631 semper

129 653 297 689 femina.’
355 653 415 689 Sic
437 652 547 696 fatus,
569 651 675 687 nocti
697 662 736 687 se
759 649 966 686 immiscuit
987 655 1102 684 atrae.

182 718 281 754 Tum
304 729 393 753 vero
415 719 577 761 Aeneas,
601 715 733 752 subitis
755 714 952 750 exterritus
974 713 1129 758 umbris,

128 783 284 830 corripit
306 794 326 818 e
347 794 485 818 somno
508 793 659 828 corpus,
683 780 888 827 sociosque
910 779 1040 826 fatigat
1058 793 1064 814 :

130 851 136 865 ‘
155 847 386 895 Praecipites
407 846 571 894 vigilate,
594 845 673 890 viri,
697 851 733 881 et
756 843 945 881 considite
967 843 1135 879 transtris
1152 856 1161 888 3

128 912 260 948 solvite
281 912 364 948 vela
385 912 460 947 citi.
522 911 628 947 Deus
649 910 805 946 aethere
827 909 962 945 missus
984 908 1032 945 ab
1053 908 1130 944 alto

127 978 304 1013 festinare
326 977 455 1024 fugam
476 983 673 1023 tortosque
697 973 867 1011 incidere
889 974 998 1009 funes

128 1054 222 1078 ecce
244 1042 380 1078 iterum
401 1041 578 1078 stimulat.
639 1040 842 1087 Sequimur
861 1045 911 1083 te,
934 1044 1065 1074 sancte
1088 1037 1263 1082 deorum,

127 1107 299 1154 quisquis
320 1118 372 1151 es,
394 1106 634 1153 imperioque
658 1105 793 1141 iterum
815 1115 992 1152 paremus
1013 1110 1183 1139 ovantes.

128 1171 239 1208 Adsis
261 1183 284 1208 o
306 1170 559 1219 placidusque
581 1171 697 1215 iuves,
711 1176 759 1205 'et
781 1168 904 1205 sidera
926 1167 1034 1203 caelo

128 1236 258 1273 dextra
282 1236 403 1272 feras.'
463 1235 579 1280 Dixit,
603 1235 815 1282 vaginaque
838 1233 948 1281 eripit
969 1244 1103 1269 ensem

126 1302 363 1345 fulmineum,
385 1301 594 1348 strictoque
617 1300 700 1336 ferit
722 1298 931 1335 retinacula
951 1298 1061 1334 ferro.

131 1366 240 1403 Idem
261 1377 397 1418 omnes
418 1366 529 1402 simul
550 1365 663 1401 ardor
685 1365 812 1409 babet,
835 1364 1063 1411 rapiuntque
1085 1369 1279 1412 ruuntque
1298 1377 1306 1408 ,-

127 1432 235 1468 litora
254 1431 486 1476 deseruere3
517 1430 608 1466 latet
629 1431 699 1466 sub
722 1430 904 1466 classibus
928 1442 1098 1478 aequor3

126 1496 255 1532 adnixi
277 1502 458 1544 torquent
480 1507 635 1543 spumas
657 1502 694 1531 et
716 1495 867 1531 caerula
888 1502 1053 1532 verrunt.

181 1562 230 1598 Et
251 1562 325 1598 iam
346 1562 469 1609 prima
488 1573 590 1597 novo
611 1560 814 1609 spargebat
836 1560 979 1597 lumine
1001 1568 1117 1597 terras

125 1626 281 1663 Tithoni
303 1638 486 1663 croceum
507 1626 683 1674 linquens
705 1627 852 1662 Aurora
876 1626 1016 1663 cubile.

126 1692 276 1739 Regina
297 1704 316 1728 e
338 1691 504 1740 speculis
526 1698 567 1728 ut
588 1692 753 1739 primum
778 1692 974 1730 albescere
994 1693 1122 1730 lucem

126 1756 230 1801 vidit,
253 1764 290 1793 et
311 1757 483 1804 aequatis
504 1757 666 1793 classem
689 1757 903 1805 procedere
926 1759 1028 1804 velis,

126 1822 311 1869 litoraque
333 1828 370 1858 et
391 1834 532 1859 vacuos
554 1823 671 1859 sensit
693 1822 774 1859 sine
796 1823 938 1871 remige
960 1830 1102 1872 portuS‚

125 1893 258 1934 terque
280 1894 489 1935 quaterque
512 1899 627 1924 manu
649 1895 786 1936 pectus
807 1900 990 1936 percussa
1011 1888 1210 1934 decorum,

126 1951 384 1999 flaventesque
406 1953 576 1989 abscissa
601 1965 743 1999 comas,
768 1954 861 1990 ‘Pro
885 1954 1070 2001 Iuppiter,
1093 1954 1160 1991 ibit

126 2016 207 2052 hic'
228 2017 279 2053 ait
301 2020 361 2054 ‘et
381 2019 517 2055 nostris
539 2019 708 2055 inluserit
730 2018 880 2055 advena
900 2019 1054 2067 regnis?

127 2081 216 2118 Non
238 2094 342 2118 arma
362 2083 583 2131 expedient,
608 2091 764 2131 totaque
787 2095 834 2120 ex
855 2084 947 2121 urbe
970 2090 1190 2132 sequentur,

125 2145 392 2195 deripientque
414 2155 512 2185 rates
535 2148 595 2185 alii
618 2148 842 2185 navalibus?
899 2150 969 2194 Ite,

125 2210 216 2246 ferte
239 2211 302 2248 citi
324 2211 508 2258 flammas,
533 2213 621 2249 date
642 2213 738 2259 vela,
760 2213 942 2262 impellite
963 2226 1089 2251 remos
1109 2216 1182 2250 !—

126 2276 230 2323 Quid
251 2277 398 2325 loquor,
421 2285 485 2314 aut
506 2279 569 2316 ubi
591 2279 705 2315 sum?
762 2279 872 2326 Quae
896 2286 1066 2315 mentem
1088 2278 1235 2315 insania
1254 2279 1402 2315 mutat?

127 2341 264 2378 Infelix
286 2341 403 2387 Dido,
428 2355 532 2379 nunc
552 2350 588 2379 te
611 2343 711 2379 facta
732 2344 850 2391 impia
871 2350 1044 2391 tangunt.

124 2406 223 2441 Tum
246 2405 388 2451 decuit,
412 2419 500 2443 cum
523 2414 672 2455 sceptra
693 2407 827 2444 dabas.
843 2430 893 2433 —
913 2408 972 2444 En
994 2407 1128 2444 dextra
1148 2406 1335 2456 fidesque,

124 2482 240 2518 quem
263 2482 395 2508 secum
416 2471 559 2519 patrios
581 2472 688 2508 aiunt
709 2481 860 2520 portare
884 2473 1059 2517 Penates,

435 2550 480 2572 573
495 2553 630 2581 trastresss.
654 2553 690 2581 R.
1039 2552 1081 2573 594
1097 2554 1167 2581 tela.
1190 2553 1227 2582 R.

1458 210 1533 250 123

1481 321 1537 358 500¹

1480 654 1536 683 570

1478 978 1533 1007 575

1477 1296 1534 1332 580

1478 1627 1534 1663 585

1479 1960 1535 1989 590

1478 2284 1532 2313 595
