1690 2734
132 179 144 207 1
155 169 208 218 38
714 181 752 209 v.
793 169 941 221 Sicily.

123 290 254 327 tertius
277 290 485 338 Euryalus:

125 356 410 404 Euryalumque
435 357 623 404 Helymus
646 357 841 404 sequitur,
873 369 951 404 quo
973 357 1115 394 deinde
1137 358 1206 394 sub
1229 358 1312 406 ipso

125 433 218 458 ecce
239 421 340 457 volat
364 420 590 469 calcemque
612 421 697 458 terit
719 421 792 457 iam
816 421 922 457 calce
946 422 1096 467 Diores,

124 486 353 524 incumbens
389 497 537 531 umerO,
572 486 695 534 spatia
716 492 753 522 et
774 486 803 522 si
826 486 933 534 plura
952 487 1156 534 supersint,

124 558 290 587 transeat
312 550 462 598 elapsus
484 550 596 597 prior,
619 550 920 598 ambiguumque
942 551 1143 599 relinquat.

179 617 340 663 Iamque
362 615 439 663 sere
461 615 584 662 spatio
607 622 781 652 extremo
803 615 970 664 fessique
994 616 1064 653 sub
1085 616 1208 664 ipsam

123 681 241 717 finem
261 680 531 725 adventabant,
554 680 625 715 levi
651 692 740 716 cum
763 681 947 728 sanguine
972 681 1088 717 Nisus

123 746 260 783 labitur
280 746 419 791 infelix,
443 745 562 781 caesis
585 751 624 781 ut
647 745 742 781 forte
766 745 936 782 iuvencis

123 812 226 847 fusus
249 811 407 846 humum
429 810 635 858 viridisque
657 822 772 858 super
793 810 1056 848 madefecerat
1078 811 1225 848 herbas.

126 877 205 913 Hic
226 876 370 912 iuvenis
392 876 467 912 iam
487 876 608 911 victor
628 887 745 911 ovans
768 876 927 923 vestigia
946 888 1078 924 presso

85 988 87 993 Ι
106 969 109 975 .
125 941 227 978 haud
248 941 369 977 tenuit
390 941 552 983 titubata
572 941 665 985 solo,
688 940 757 977 sed
778 952 921 989 pronus
944 941 981 977 in
1003 941 1086 989 ipso

71 998 73 1005 ⁴
123 1006 297 1043 'concidit
318 1005 598 1054 immundoque
621 1006 712 1042 fimo
733 1017 921 1053 sacroque
943 1017 1090 1042 cruore.

126 1073 217 1108 Non
238 1078 367 1107 tamen
391 1071 554 1119 Euryali,
576 1083 655 1107 non
677 1071 736 1107 ille
758 1070 896 1107 oblitus
918 1082 1118 1116 amorum3

124 1150 213 1173 nam
236 1148 317 1173 sese
340 1136 521 1184 opposuit
541 1136 641 1173 Salio
663 1148 731 1184 per
751 1136 896 1172 lubrica
916 1147 1073 1183 surgens
1090 1149 1100 1181 3

125 1202 183 1238 ille
205 1208 333 1237 autem
356 1201 478 1249 spissa
496 1201 611 1237 iacuit
631 1202 823 1237 revolutus
844 1214 983 1238 arenas
1002 1219 1026 1221 ’-

127 1268 277 1303 Emicat
299 1267 494 1315 Euryalus,
518 1273 555 1302 et
576 1279 736 1303 munere
758 1267 879 1303 victor
898 1267 1011 1303 amici

125 1333 247 1380 prima
268 1338 383 1376 tenet,
406 1332 617 1379 plausuque
638 1332 739 1368 volat
760 1332 988 1380 fremituque
1013 1332 1199 1370 secundo.

128 1398 215 1433 Post
239 1397 426 1444 Helymus
448 1396 561 1441 subit,
579 1403 616 1433 et
637 1409 740 1433 nunc
762 1397 871 1433 tertia
891 1398 1018 1445 palma
1043 1398 1192 1435 Diores.

145 1461 149 1465 '
181 1462 258 1498 Hic
281 1468 403 1498 totum
426 1473 565 1498 caveae
588 1474 812 1498 consessum
833 1463 997 1511 ingentis
1020 1471 1056 1500 et
1080 1477 1146 1502 ora

123 1516 247 1575 prima
268 1533 418 1575 patrum
441 1527 587 1574 magnis
609 1527 728 1563 Salius
750 1527 979 1565 clamoribus
1002 1529 1148 1578 implet,

125 1599 375 1640 ereptumque
398 1591 488 1628 dolo
509 1591 619 1628 reddi
641 1592 711 1629 sibi
733 1593 858 1640 poscit
881 1594 1078 1632 honorem.

123 1658 285 1694 Tutatur
306 1658 410 1693 favor
432 1657 652 1705 Euryalum,
674 1658 930 1708 lacrimaeque
953 1660 1133 1708 decorae,

124 1723 264 1770 gratior
283 1728 320 1758 et
341 1722 502 1770 pulchro
523 1723 680 1759 veniens
702 1723 739 1760 in
763 1736 925 1774 corpore
949 1727 1077 1764 virtus.

126 1787 289 1823 Adiuvat
310 1794 347 1823 et
368 1800 507 1835 magna
527 1788 738 1835 proclamat
758 1803 854 1827 voce
879 1792 1028 1837 Diores,

124 1852 189 1900 qui
210 1852 324 1889 subiit
345 1852 507 1900 palmae,
530 1853 740 1903 frustraque
762 1856 811 1893 ad
834 1857 1004 1905 praemia
1025 1857 1129 1893 venit

124 1917 268 1962 ultima,
290 1918 320 1954 si
343 1918 452 1965 primi
474 1918 573 1955 Salio
594 1919 805 1958 reddentur
827 1922 1005 1959 honores.

178 1984 279 2019 Tum
300 1989 409 2030 pater
431 1984 579 2020 Aeneas
602 1986 760 2022 ‘Vestra
779 1988 785 2002 '
808 1987 932 2034 inquit
954 1990 1137 2024 ‘munera
1157 1987 1264 2024 vobis

126 2055 229 2084 certa
251 2054 419 2093 manent,
442 2050 560 2096 pueri,
583 2057 619 2086 et
641 2051 809 2098 palmam
831 2058 961 2088 movet
981 2051 1117 2088 ordine
1139 2064 1255 2088 nemo
1270 2065 1280 2097 ,-

125 2125 187 2149 me
207 2113 321 2149 liceat
341 2125 451 2150 casus
473 2114 642 2151 misereri
666 2116 826 2152 insontis
848 2116 989 2153 amici.'

126 2178 186 2215 Sic
208 2179 316 2222 fatus,
339 2185 487 2227 tergum
510 2180 663 2217 Gaetuli
687 2180 854 2218 immane
876 2181 997 2218 leonis

126 2242 192 2280 dat
213 2243 325 2289 Salio,
346 2244 440 2281 villis
462 2257 669 2282 onerosum
691 2252 805 2294 atque
827 2247 1017 2295 unguibus
1039 2247 1172 2284 aureis.

128 2309 207 2345 Hic
230 2309 357 2355 Nisus,
381 2313 389 2328 ‘
405 2310 441 2347 Si
464 2311 590 2346 tanta'
612 2310 734 2358 inquit
757 2314 866 2348 ‘sunt
886 2312 1056 2359 praemia
1077 2312 1198 2353 victis,

127 2381 164 2411 et
184 2381 220 2411 te
242 2375 436 2423 lapsorum
458 2375 621 2419 miseret,
644 2387 743 2423 quae
765 2388 925 2413 munera
946 2377 1042 2413 Niso

126 2437 243 2487 digna
264 2438 385 2484 dabis,
407 2439 571 2487 primam
592 2439 711 2475 merui
734 2440 799 2487 qui
819 2440 931 2476 laude
955 2452 1152 2486 coronam,

746 2524 788 2544 326
802 2534 859 2553 -mn
882 2526 924 2554 H.

1366 175 1526 218 [AENE1D.

1470 493 1526 523 3²5

1469 819 1525 848 330

1471 1143 1527 1173 335

1472 1473 1529 1502 340

1474 1797 1530 1827 345

1434 2143 1437 2146 ⁴
1477 2121 1558 2171 3507

1478 2443 1534 2475 355
