1690 2734
95 191 174 230 180
511 200 569 228 vi.
614 186 652 227 T
648 186 699 227 lae
730 186 890 227 Lower
920 184 1073 228 World.

89 315 212 351 victor
233 320 320 361 aget
342 325 507 358 currum,
530 312 651 348 caesis
673 311 830 359 insignis
853 310 1019 347 Achivis.

89 381 208 417 Eruet
228 379 288 415 ille
311 379 432 426 Argos
454 376 865 425 Agamemnoniasque
890 377 1089 424 Mycenas,

87 446 293 494 ipsumque
315 441 527 488 Aeaciden,
551 454 673 490 genus
695 441 959 489 armipotentis
981 440 1131 485 Achilli,

87 511 187 547 ultus
208 522 299 546 avos
320 508 472 553 Troiae,
494 507 640 555 templa
661 513 699 543 et
721 512 907 542 temerata
930 506 1141 542 Minervae.

89 576 185 623 Quis
207 582 256 621 te,
279 586 418 622 magne
441 574 553 618 Cato,
576 572 749 616 tacitum,
772 577 837 607 aut
859 577 908 615 te,
932 570 1066 616 Cosse,
1088 570 1304 618 relinquat?

89 641 185 688 Quis
207 639 376 677 Gracchi
397 651 529 688 genus,
552 644 615 674 aut
637 636 824 685 geminos,
848 635 926 672 duo
949 634 1108 671 fulmina
1128 634 1227 679 belli,

87 705 297 753 Scipiadas,
321 704 473 741 cladem
495 704 651 752 Libyae,
673 713 869 751 parvoque
894 706 1094 749 potentem

90 770 308 807 Fabricium
329 770 388 806 vel
408 777 445 806 te
467 770 574 806 sulco
597 769 768 813 Serrane,
791 766 1012 803 serentem?

87 848 166 883 quo
186 836 329 872 fessum
350 836 493 883 rapitis,
516 835 653 871 Fabii?
708 834 767 870 Tu
792 834 999 869 Maxumus
1022 830 1084 867 ille
1106 842 1159 876 es,

87 913 185 937 unus
207 901 271 948 qui
292 901 403 937 nobis
426 899 649 936 cunctando
669 899 835 936 restituis
856 910 949 934 rem.

88 966 296 1003 Excudent
317 966 378 1002 alii
399 966 580 1014 spirantia
601 965 754 1001 mollius
774 976 874 1009 aera,

88 1031 207 1068 credo
229 1031 425 1079 equidem,
447 1031 552 1067 vivos
574 1030 720 1067 ducent
741 1029 789 1066 de
811 1041 1001 1066 marmore
1022 1027 1158 1073 voltus,

89 1097 252 1133 orabunt
273 1109 406 1133 causas
428 1096 576 1140 melius,
599 1096 775 1143 caelique
797 1101 946 1131 meatus

89 1162 310 1199 describent
330 1161 451 1207 radio,
473 1168 510 1197 et
531 1161 725 1209 surgentia
745 1160 871 1197 sidera
891 1159 1023 1196 dicent
1041 1173 1046 1195 :

89 1235 126 1264 tu
150 1239 281 1274 regere
303 1226 466 1274 imperio
488 1226 666 1274 populos,
690 1226 880 1270 Romane,
903 1231 1101 1261 memento
1118 1237 1127 1270 3

89 1293 160 1328 hae
182 1292 249 1328 tibi
271 1298 381 1328 erunt
401 1298 500 1327 artes
517 1305 526 1337 3
558 1291 742 1338 pacisque
763 1290 963 1338 imponere
985 1302 1145 1335 morem,

89 1369 245 1406 parcere
268 1356 464 1402 subiectis,
487 1363 524 1392 et
545 1355 738 1392 debellare
760 1356 972 1403 superbos.'

143 1423 204 1460 Sic
225 1429 333 1470 pater
355 1421 555 1466 Anchises,
578 1427 692 1468 atque
715 1420 811 1456 haec
832 1420 1058 1457 mirantibus
1079 1419 1211 1457 addit:

91 1491 99 1506 ⁴
115 1488 269 1535 Aspice,
292 1493 332 1523 ut
354 1486 510 1534 insignis
531 1485 662 1533 spoliis
685 1485 890 1522 Marcellus
911 1486 1051 1533 opimis

90 1552 312 1601 ingreditur,
334 1552 533 1599 victorque
554 1551 654 1587 viros
675 1550 937 1599 supereminet
959 1563 1096 1587 omnes
1117 1553 1123 1587 !

92 1619 171 1654 Hic
192 1630 274 1654 rem
296 1618 527 1661 Romanam,
550 1628 692 1664 magno
713 1616 890 1652 turbante
912 1616 1088 1660 tumultu,

91 1684 208 1729 sistet,
231 1695 350 1730 eques
372 1688 515 1718 sternet
537 1683 689 1718 Poenos
711 1681 943 1728 Gallumque
965 1681 1161 1728 rebellem,

90 1749 276 1796 tertiaque
298 1760 404 1784 arma
424 1747 519 1795 patri
541 1746 753 1794 suspendet
774 1753 888 1794 capta
910 1746 1098 1794 Quirino.‘

145 1815 272 1861 Atque
295 1813 357 1849 hic
379 1814 530 1849 Aeneas
548 1826 557 1858 ;
588 1824 664 1848 una
683 1823 851 1859 namque
874 1812 925 1847 ire
947 1811 1103 1848 videbat

92 1879 288 1927 egregium
309 1878 431 1914 forma
451 1878 630 1913 iuvenem
652 1883 690 1913 et
712 1876 945 1924 fulgentibus
971 1877 1096 1922 armis,

92 1944 160 1980 sed
182 1944 283 1980 frons
304 1943 404 1979 laeta
424 1954 572 1991 parum,
594 1948 631 1978 et
652 1941 807 1977 deiecto
828 1942 972 1978 lumina
991 1941 1120 1978 voltu:

93 2012 101 2027 ‘
117 2009 225 2056 Quis,
247 2014 366 2056 pater,
389 2008 462 2052 ille,
485 2007 606 2043 virum
628 2007 692 2054 qui
715 2007 769 2043 sic
794 2007 999 2043 comitatur
1020 2006 1205 2043 euntem?

95 2074 221 2119 Filius,
244 2085 345 2109 anne
367 2073 501 2120 aliquis
522 2084 662 2120 magna
684 2072 732 2108 de
757 2073 872 2120 stirpe
894 2072 1111 2120 nepotum?

94 2139 190 2186 Quis
211 2138 388 2186 strepitus
409 2138 512 2173 circa
532 2138 721 2174 comitum
741 2140 747 2174 ἶ
806 2138 1004 2184 Quantum
1026 2136 1140 2172 instar
1162 2136 1198 2172 in
1220 2134 1304 2183 ipso
1323 2135 1331 2172 !

94 2203 170 2240 Sed
191 2215 269 2239 nox
289 2209 369 2238 atra
390 2209 505 2251 caput
526 2203 619 2239 tristi
643 2202 893 2239 circumvolat
914 2201 1073 2238 umbra.’

92 2270 191 2305 Tum
213 2274 322 2316 pater
343 2267 543 2312 Anchises,
565 2267 730 2303 lacrimis
752 2267 942 2314 ingressus
963 2266 1106 2302 obortis
1124 2279 1130 2302 :

148 2335 157 2352 ‘
172 2333 208 2370 O
229 2340 355 2381 gnate,
378 2333 575 2380 ingentem
597 2331 742 2368 luctum
764 2343 812 2367 ne
834 2342 976 2379 quaere
997 2337 1151 2367 tuorum
1167 2343 1177 2376 3

93 2397 303 2436 ostendent
322 2397 428 2434 terris
450 2397 554 2433 hunc
575 2403 724 2433 tantum
745 2396 832 2441 fata,
854 2407 981 2443 neque
1002 2395 1099 2432 ultra

93 2476 177 2501 esse
198 2464 336 2501 sinent.
395 2462 569 2499 Nimium
590 2461 698 2499 vobis
719 2462 897 2498 Romana
915 2472 1087 2509 propago

305 2547 439 2586 852paei.
463 2548 499 2577 R.
714 2546 756 2568 865
771 2547 833 2583 qui.
855 2546 892 2576 R.
1108 2544 1151 2566 863
1166 2547 1217 2574 ἐκ,
1239 2544 1281 2573 H.

1329 191 1488 235 [AENEm.

1434 503 1489 539 840

1433 1155 1490 1192 850

1436 1808 1491 1836 860

1436 2132 1490 2168 865

1437 2457 1492 2492 870
